3717 5809
272 401 332 448 vttt
905 395 1081 442 emanso.

272 560 313 632 ad
339 560 435 631 linem
459 578 563 650 nsque
589 560 686 630 seculi
712 557 824 629 decimi
846 556 948 653 quarti
970 565 1184 644 occurrentes,
1211 551 1338 645 collegit
1360 564 1393 623 et
1411 552 1575 646 explicavit
1594 553 1710 624 Stein-

273 684 365 778 bjiim
381 683 591 775 Egilssonius,
620 681 738 775 collega
757 682 873 752 scbolae
887 675 1141 750 Bessastadensis
1160 676 1190 747 in
1204 670 1359 746 lelandia’'
1381 675 1535 772 (quatuor
1554 676 1710 748 volumina

274 807 483 900 autographa,
510 803 607 877 3160
630 828 726 898 pagg.
740 805 771 874 io
787 801 882 896 dto);
910 804 1043 873 alterum
1058 799 1245 872 lslandicum
1260 807 1394 884 tanturn,
1421 821 1483 869 noo
1497 799 1616 872 editum
1629 797 1710 892 (duo

274 930 442 1001 solumina.
456 928 530 1002 Suo.
543 928 676 1022 plagulae
689 924 762 1025 42}
776 925 928 1021 scriptae).
953 922 1033 995 Illud
1042 924 1179 994 Lerioon
1193 924 1257 994 siue
1268 920 1465 993 Glossarium
1480 922 1582 1014 majos
1598 923 1712 994 Socie-

276 1054 330 1124 tati
344 1062 460 1123 nostrae
479 1050 711 1145 tradiditquum
725 1050 847 1121 Hafoiae
860 1056 1092 1144 presenserat,
1107 1046 1193 1117 annis
1212 1043 1415 1119 1845-46.
1435 1046 1557 1117 Eodem
1569 1055 1714 1141 tempore

275 1174 449 1248 Richardus
463 1173 609 1269 Cfeosby,
637 1174 682 1244 uir
703 1170 815 1243 doctos
836 1196 874 1242 er
897 1173 1010 1263 Anglia
1037 1168 1201 1261 oriundus,
1227 1169 1285 1240 sibi
1312 1180 1533 1264 proposuerat,
1560 1178 1595 1240 ut
1615 1168 1714 1239 simile

276 1300 415 1372 Lericon
436 1296 779 1390 blandito-Anglicum
802 1296 883 1391 typis
911 1295 1032 1385 ederet,
1061 1315 1184 1389 prosam
1212 1292 1386 1363 orationem
1412 1293 1443 1362 in
1469 1293 1554 1365 libris
1580 1292 1715 1388 antiquis

277 1419 575 1518 septentrionalibus
608 1420 772 1491 vernacula
814 1419 920 1511 lingua
966 1417 1088 1513 scriptis
1127 1425 1316 1485 asservatam
1357 1418 1589 1512 complectens,
1628 1414 1714 1511 quod

276 1570 374 1643 opus,
413 1554 486 1640 post
522 1552 657 1614 mortem
695 1541 865 1613 doctissimi
904 1540 1079 1611 collectoris
1117 1540 1271 1629 revisum,
1316 1539 1347 1608 in
1392 1541 1506 1633 Anglia
1553 1539 1715 1611 Osfordire

277 1671 465 1764 impressum
499 1666 535 1737 iri
563 1689 745 1761 speramus3
785 1676 927 1735 nostrum
961 1687 1035 1735 uero
1068 1687 1106 1733 er
1146 1662 1274 1732 decreto
1308 1663 1471 1733 Societatis
1504 1686 1586 1735 anno
1622 1661 1717 1734 1852

276 1794 364 1888 pr'elo
390 1788 568 1883 subjeetum
595 1801 656 1880 est,
681 1787 795 1859 deinde
821 1788 957 1859 fasciculi
984 1811 1042 1857 suo
1069 1785 1204 1881 quisque
1230 1809 1313 1855 anno
1340 1783 1523 1879 post1854
1548 1789 1578 1858 in
1607 1787 1717 1882 publi-

277 1938 346 1987 cam
372 1916 475 1985 lucem
500 1910 697 2007 prodierunt.

378 2040 481 2108 norea
506 2060 525 2107 a
551 2036 643 2107 nobis
669 2036 808 2107 breviter
832 2031 1001 2104 indicatum
1029 2041 1096 2120 est,
1135 2056 1199 2127 quo
1232 2031 1328 2103 modo
1354 2043 1463 2103 auctor
1488 2032 1633 2103 inductus
1666 2035 1718 2124 sit,

278 2175 314 2235 ut
340 2162 370 2232 in
396 2159 586 2231 hocLerieo
612 2160 736 2255 politica
762 2154 960 2229 solummodo
985 2165 1152 2247 tractaret,
1188 2155 1276 2250 quasi
1304 2152 1484 2227 discernens
1514 2156 1596 2226 inter
1621 2180 1720 2227 voca-

279 2285 357 2359 bula
375 2306 484 2378 ⁴prosae
511 2280 660 2352 orationis
687 2291 720 2352 et
744 2281 888 2376 poeticae.
941 2280 975 2351 Si
1001 2302 1058 2374 per
1084 2302 1119 2349 se
1145 2278 1205 2349 boc
1231 2302 1292 2349 non
1319 2277 1495 2349 mirandum
1523 2288 1582 2369 est,
1622 2304 1720 2375 quum

280 2418 389 2480 notum
416 2406 476 2497 sit,
516 2426 611 2500 quam
644 2404 742 2476 multa
774 2403 941 2499 peculiaria
974 2401 1122 2473 uocabula
1156 2413 1188 2473 et
1213 2426 1231 2471 a
1257 2401 1399 2496 populari
1425 2423 1572 2473 sermone
1598 2401 1719 2475 diversa

280 2530 460 2602 contineant
494 2538 591 2623 opera
631 2527 753 2622 politica
787 2527 1004 2622 cujuscunque
1031 2526 1164 2619 lingna,
1198 2537 1303 2596 tomen
1336 2523 1397 2594 hoc
1422 2523 1462 2595 de
1493 2525 1599 2618 lingua
1623 2528 1722 2597 veteri

281 2651 516 2748 septentrionali
554 2651 723 2746 plurimum
768 2650 860 2720 ualet.
937 2652 1053 2742 blagna
1097 2648 1185 2742 copia
1229 2646 1415 2740 uerborum,
1454 2649 1562 2718 multe
1600 2650 1722 2746 forma,

281 2774 530 2866 terminationes,
557 2774 800 2868 compositiones
814 2771 996 2865 verborum,
1023 2795 1094 2869 quas
1114 2772 1143 2841 in
1158 2770 1348 2843 carminibus
1367 2783 1546 2865 occurrunt,
1572 2772 1603 2843 in
1629 2796 1722 2868 prosa

285 2900 427 2972 oratione
453 2921 517 2970 nou
543 2897 670 2970 omnino
696 2896 906 2989 inveniuntur,
933 2895 1019 2991 qnod
1045 2918 1107 2966 nou
1127 2896 1229 2966 solum
1249 2895 1450 2992 mythologie
1476 2905 1510 2965 et
1535 2894 1723 2967 denomina-

282 3020 422 3095 tionibus
458 3018 531 3092 inde
564 3020 674 3092 sumtis
707 3018 863 3108 debetur,
901 3018 959 3090 sed
991 3020 1085 3091 etiam
1120 3019 1228 3092 multia
1260 3019 1328 3091 aliis
1361 3017 1569 3091 fundamentis
1602 3020 1723 3111 nititur,

283 3144 399 3242 quibem
424 3144 546 3222 radices
571 3143 687 3237 linguae
713 3145 773 3215 alte
799 3142 900 3214 insitae
926 3152 1009 3213 snut.
1069 3143 1151 3216 Satis
1177 3152 1226 3214 est
1252 3142 1300 3214 laic
1326 3143 1460 3239 exempli
1485 3145 1585 3236 gratia
1609 3149 1723 3239 podma

282 3267 437 3354 Eddicum
462 3267 628 3354 Alslssmdl
652 3266 810 3361 allegare,
843 3266 907 3338 ubi
929 3266 1200 3337 denominationes
1226 3266 1315 3359 coeli,
1353 3277 1464 3358 terrie,
1496 3266 1589 3361 solis,
1629 3267 1722 3359 lonae,

284 3402 318 3463 et
355 3392 487 3476 aliarum
518 3412 626 3464 rerum
654 3413 703 3461 veu
732 3399 865 3486 'septem
904 3389 952 3461 rel
991 3413 1103 3462 norem
1142 3386 1272 3460 diversis
1309 3391 1423 3485 linguis
1462 3392 1615 3463 desumto
1646 3415 1725 3464 -esse

285 3515 442 3607 dicuntur,
469 3539 603 3622 puerum
629 3515 794 3610 precipuo
814 3515 1012 3610 appellantur
1037 3513 1144 3607 lingua
1159 3513 1343 3608 Hominum,
1365 3517 1524 3609 >Deorum
1550 3519 1724 3606 Vaoorum,

286 3639 476 3754 Gigantum,
513 3640 683 3730 Alforum,
721 3640 944 3709 bonorumet
968 3637 1171 3729 Heleneion,
1210 3660 1282 3734 quae
1315 3636 1587 3710 denominationes
1612 3640 1725 3712 deinde

286 3762 370 3859 apud
403 3768 515 3864 poiftas
550 3760 802 3858 promiscue-‘de
837 3761 883 3831 bis
915 3762 1024 3853 rebus,
1064 3769 1119 3846 aut
1155 3759 1335 3856 simpliciter
1369 3771 1425 3832 aut
1454 3762 1562 3857 figuris
1594 3764 1725 3859 poeticis

285 3895 418 3977 ornatae,
444 3883 645 3970 adhibentur.
671 3885 805 3957 Nomin'a
820 3883 932 3957 Odinia
952 3885 982 3954 in
1006 3884 1143 3955 earmina
1158 3885 1463 3958 Grimoismdlsimili
1477 3886 1573 3958 modo
1588 3910 1725 3958 enume-

285 4019 495 4105 sanumque
507 4008 637 4082 diuersis
651 4007 726 4082 locis
740 4009 886 4101 gesserit.
911 4008 1118 4080 Enumeratio
1130 4009 1242 4079 barum
1256 4009 1434 4101 linguarum
1448 4011 1578 4104 egregie
1589 4011 1725 4081 demon·

287 4142 376 4224 strat,
398 4132 579 4228 ,quomado
599 4141 633 4202 et
652 4131 714 4202 late
734 4131 885 4223 originem
906 4133 1060 4203 sermonis
1080 4131 1192 4226 poetici
1214 4132 1361 4226 petierint
1380 4144 1515 4204 ueteres.
1554 4133 1726 4219 Quomodo

287 4266 394 4352 antem
406 4255 468 4358 bap
488 4253 571 4349 apud
591 4261 702 4350 peiles
723 4252 825 4324 adhoc
844 4254 935 4326 latius
954 4255 1100 4350 patuerit,
1129 4253 1295 4349 atquibus
1316 4256 1437 4348 legibus
1457 4257 1725 4353 circumscriptum

288 4357 402 4472 fuerit,
429 4402 447 4449 a
475 4379 606 4452 Snorrio
633 4379 768 4454 Sturlaeo
793 4377 823 4448 in
850 4378 1018 4474 scriptione
1044 4381 1114 4471 „lle
1141 4377 1277 4450 dictione
1302 4376 1445 4474 purified’
1476 4380 1727 4476 (deldslapar-

287 4501 366 4595 mil)
396 4501 573 4596 expositum
593 4511 660 4572 est.
687 4501 760 4572 Tria
793 4501 835 4573 ibi
868 4525 986 4596 genera
1005 4501 1149 4574 dictionis
1169 4502 1300 4596 politicae
1320 4515 1564 4577 enumerantur:
1592 4505 1725 4600 primum

288 4623 557 4701 denominationes
584 4624 739 4720 simplices
753 4624 875 4716 (beiti),
901 4623 1375 4720 secundnmpronominationes
1400 4624 1572 4721 (fomilfn),
1598 4629 1725 4700 tertium

288 4746 559 4820 denominationes
585 4748 766 4843 compositae
791 4747 1018 4842 (kenuingarls
1038 4786 1040 4789 ·
1064 4751 1124 4821 Hae
1158 4748 1238 4826 duas,
1254 4749 1370 4821 classes
1398 4753 1590 4845 posteriores
1615 4769 1726 4825 vocam

282 4879 323 4946 ‚et
335 4869 497 4965 pltrasium
507 4871 701 4967 politicarum
710 4871 881 4943 innumeris
894 4873 1132 4945 formationibus
1147 4871 1288 4945 dictionis
1303 4875 1435 4971 poeticae
1450 4900 1557 4948 ansam
1571 4876 1726 4972 praebent,

286 5015 360 5091 quae
380 4993 628 5090 primocaspectu
653 4995 836 5091 sibyllinum
856 4995 972 5091 aliquid
987 4997 1106 5092 spirare
1125 4996 1261 5090 videtur,
1283 5011 1316 5070 et
1339 5001 1461 5070 nonnisi
1479 5001 1600 5072 sedulis
1619 5003 1726 5076 colto-

286 5116 493 5214 ribusipsom
513 5117 649 5210 dorem,
664 5120 810 5213 peculiari
831 5120 1000 5214 fragrantia
1022 5120 1231 5220 natinatores
1257 5122 1482 5216 oblectantem,
1509 5124 1620 5218 aperit
1647 5128 1726 5217 Nos,

291 5239 345 5336 qui
362 5240 500 5337 mimus,
520 5253 599 5338 qlrot
619 5241 752 5315 obscura
769 5243 866 5316 uerba
886 5254 996 5315 auctor
1022 5254 1130 5315 noster
1155 5243 1379 5317 celeberrimus
1406 5248 1623 5342 explicaverit,
1650 5261 1728 5345 quot
