3717 5809
771 439 947 488 ruarmo.
1537 439 1576 486 lx

127 606 275 676 lectionm
287 603 387 674 falsas
400 603 584 696 correxerit,
605 625 798 698 quamsaepe
821 604 908 695 leges
921 612 1086 697 troporum
1100 602 1354 698 explicandorum
1368 602 1483 693 fixerit,
1497 625 1576 673 sen-

129 727 377 801 semocriorem
404 737 439 797 et
464 726 559 820 genio
580 726 704 821 poetico
729 725 904 818 digniorem
925 736 979 796 aut
998 727 1150 797 invenerit
1172 739 1226 798 aut
1244 729 1350 821 plures
1371 726 1575 797 enarrationis

131 852 243 924 modos
268 851 437 944 ingeniose
463 850 701 943 excogitaverit,
729 851 813 921 locos
840 861 930 920 antea
956 873 1019 919 oon
1052 848 1224 920 illustratos
1256 850 1473 945 explicaverit,
1513 872 1575 919 non

132 999 302 1071 possumus
328 973 388 1044 nisi
416 975 489 1044 leto
521 983 554 1043 et
579 983 669 1066 grato
702 974 806 1044 animo
838 974 980 1069 accipere
1014 997 1085 1066 quae
1117 972 1279 1065 praestitit,
1317 983 1350 1042 et
1385 970 1575 1068 approbare,

133 1099 220 1196 quod
245 1099 370 1194 poetica
395 1119 492 1192 opera
518 1097 584 1167 sola
611 1097 670 1167 sibi
696 1100 810 1190 elegit,
838 1107 1023 1192 sperantes,
1056 1094 1141 1190 quod
1167 1107 1267 1166 restat
1292 1095 1408 1166 sensim
1430 1094 1471 1166 ab
1497 1095 1575 1186 aliis,

134 1221 275 1317 vestigiis
300 1223 369 1316 ejus
395 1218 654 1313 ingredientibus,
682 1219 860 1292 absolutum
885 1220 934 1290 iri.

285 1348 357 1441 lpse
384 1342 609 1414 celeberrimus
641 1353 769 1433 auctor,
809 1356 845 1416 ut
867 1344 934 1438 jam
961 1345 1112 1438 vidimus,
1152 1344 1303 1415 terminos
1330 1344 1435 1437 operis
1462 1345 1510 1415 sui
1535 1345 1575 1416 ab

136 1468 362 1565 antiquissimis
388 1464 461 1538 inde
488 1466 683 1560 temporibus
710 1467 748 1538 ad
774 1469 871 1539 finem
897 1469 995 1540 secoli
1022 1470 1125 1564 quarti
1153 1466 1266 1539 decimi
1291 1465 1336 1560 (c.
1363 1491 1434 1537 nnn.
1466 1464 1578 1561 1400)

136 1592 313 1664 destinavit.
341 1588 516 1662 Fatendum
531 1600 635 1663 umen
652 1601 718 1683 est,
745 1593 806 1663 boc
818 1593 916 1687 magis
931 1617 969 1664 ex
984 1593 1101 1686 vulgari
1123 1592 1291 1663 traditione
1312 1591 1459 1687 quadam,
1486 1601 1519 1663 et
1542 1603 1578 1662 ut

137 1716 216 1788 certi
228 1713 358 1809 quidam
372 1715 452 1787 fines
466 1714 571 1810 operis
585 1716 867 1809 constituerentur,
887 1717 1002 1788 lactum
1016 1740 1100 1809 esse,
1115 1740 1209 1813 quam
1223 1739 1261 1786 ex
1276 1716 1369 1787 certis
1382 1715 1577 1808 argumentis

137 1841 282 1929 internis,
310 1862 347 1910 ex
362 1839 428 1933 ipsa
444 1843 579 1933 poeseos
593 1838 721 1910 historia
735 1839 890 1911 deductis.
927 1841 1025 1927 Quod
1040 1841 1080 1912 ad
1093 1840 1308 1935 antiquissima
1323 1839 1437 1935 poetici
1452 1838 1577 1932 generis

136 1973 343 2036 monumenta
370 1962 500 2055 attinet,
527 1961 652 2034 maximi
678 1964 829 2034 momenti
855 1963 885 2033 id
912 1965 1112 2036 obstaculum
1137 1964 1212 2055 luit,
1247 1987 1310 2060 qno
1337 1964 1438 2033 minus
1466 1985 1577 2034 eorum

138 2086 362 2181 explicationes
394 2085 515 2156 admitti
548 2095 695 2180 possent,
733 2087 820 2182 qnod
858 2088 888 2158 in
923 2086 1134 2179 editionibus,
1174 2111 1245 2183 quae
1279 2088 1353 2157 solae
1385 2086 1506 2157 auctori
1539 2084 1579 2156 ad

138 2231 251 2282 manos
277 2219 378 2298 erant,
405 2232 467 2279 non
494 2208 596 2279 minus
622 2209 690 2304 ipse
715 2220 821 2282 textus
846 2234 942 2307 quom
967 2210 1244 2305 interpretationes
1264 2212 1374 2282 barum
1397 2210 1578 2304 inscriptio·

138 2357 214 2406 unm
241 2358 281 2404 ex
304 2332 440 2405 maxima
460 2342 548 2426 parte
568 2341 632 2402 tom
657 2354 850 2429 magnopere
876 2335 1030 2425 vacillant,
1057 2345 1093 2406 nt
1118 2359 1180 2406 non
1206 2335 1263 2405 nisi
1290 2333 1478 2427 conjecturis
1504 2333 1578 2403 satis

142 2457 266 2529 incertis
293 2455 334 2527 sit
359 2456 459 2526 locus.
522 2457 686 2551 Inscriptio
712 2458 922 2529 llarleviensis
948 2458 979 2528 in
1007 2449 1159 2553 Olandia,
1199 2482 1271 2556 quan
1303 2480 1431 2529 sensum
1457 2464 1577 2527 certum

141 2581 288 2677 praebuit,
314 2579 346 2649 in
373 2579 487 2651 librum
514 2591 659 2674 suscepta
686 2591 756 2671 est;
795 2581 835 2651 de
867 2582 1010 2677 pluribus
1041 2583 1296 2678 inscriptionibus
1330 2580 1460 2677 poeticis
1494 2579 1578 2651 idem

140 2707 256 2776 lactum
283 2703 411 2796 luisset,
450 2704 475 2774 si
509 2704 709 2776 novissimam
743 2728 851 2776 earnm
885 2706 1122 2798 collectionem,
1162 2730 1233 2803 quae
1265 2706 1295 2776 in
1329 2701 1578 2800 Antiquitatibus

141 2827 358 2900 Orientalibus
377 2826 596 2923 (palatiquites
617 2826 656 2898 de
682 2824 837 2921 l’Orient,
864 2840 1064 2901 monuments
1090 2830 1364 2926 runograpbiques
1390 2827 1579 2921 interpretes

142 2974 199 3047 par
222 2947 443 3024 c.c.1aan‘’.
481 2951 623 3045 Cupenb.
665 2950 770 3024 1856.
808 2950 893 3046 avo)
928 2952 1011 3025 edita
1037 2963 1103 3047 est,
1143 2952 1353 3047 cognovisset.
1405 2949 1579 3023 Consilium

142 3074 278 3169 primum
304 3074 381 3166 luit,
407 3075 492 3145 buno
515 3072 674 3146 delectum
699 3075 741 3146 ito
767 3077 901 3168 sarcire,
940 3088 976 3148 ut
1000 3077 1187 3171 glossarium
1213 3076 1449 3171 inscriptionum
1474 3075 1579 3144 Runi-

143 3220 249 3268 carum
275 3221 334 3292 per
359 3221 395 3270 se
421 3197 608 3287 adderetur,
647 3223 745 3294 quum
772 3223 846 3270 vero
872 3200 934 3272 boc
961 3224 1023 3271 non
1051 3201 1118 3271 sine
1144 3201 1259 3294 majori
1287 3198 1484 3270 cunctatione
1511 3196 1579 3267 lieri

143 3321 293 3416 potnerit,
322 3321 429 3393 utilius
453 3321 554 3392 visum
574 3330 704 3392 estnon
730 3323 761 3393 in
789 3324 845 3394 bac
870 3347 906 3395 re
932 3325 1061 3410 morari,
1088 3324 1144 3395 sed
1171 3322 1342 3395 editionem
1368 3322 1473 3393 statim
1500 3343 1579 3416 pcr-

143 3445 238 3516 liceae
264 3454 297 3517 et
322 3443 455 3539 publicae
482 3445 541 3516 luci
570 3445 706 3516 tradere.
757 3445 845 3518 ldevn
871 3447 955 3519 volet
980 3447 1020 3519 de
1046 3448 1103 3519 illis
1128 3447 1236 3543 paucis
1269 3446 1398 3543 quidem
1424 3442 1578 3533 versibus,

144 3568 197 3663 qui
216 3567 386 3664 postremis
407 3568 496 3639 annis
522 3580 577 3640 aut
602 3569 736 3664 primurn
762 3571 877 3663 cogniti
903 3583 995 3665 suot,
1021 3581 1076 3643 aut
1101 3573 1275 3642 accuratius
1302 3569 1376 3643 editi
1402 3571 1449 3640 vel
1476 3566 1579 3662 expli-

143 3692 221 3785 oati,
245 3695 301 3787 qui
327 3714 401 3762 vexo
427 3692 456 3762 in
483 3692 554 3786 boc⁸
568 3690 649 3762 libro
670 3702 725 3764 aut
749 3695 1043 3788 praemittuntur,
1070 3705 1125 3766 aut
1149 3696 1210 3766 alio
1236 3695 1330 3766 modo
1356 3701 1540 3764 tractantur.

290 3817 342 3886 De
367 3813 550 3911 antiquitate
576 3816 760 3906 carminum,
788 3841 859 3912 que
879 3819 1026 3891 historica
1051 3829 1145 3890 aetate
1171 3819 1293 3913 cognita
1314 3819 1454 3910 luerunt,
1481 3815 1578 3887 multa

144 3947 219 4008 sunt
242 3937 417 4031 disputata,
457 3940 543 4032 plura
571 3949 675 4012 umen
703 3940 805 4013 adbuc
830 3942 871 4012 ita
897 3944 1029 4034 incerta,
1057 3942 1189 4013 utfinis
1216 3941 1449 4037 disceptationis
1475 3938 1579 4010 adbuc

144 4060 240 4155 lenge
265 4059 359 4132 absit.
398 4063 512 4157 Neque
538 4063 628 4135 nobis
654 4065 777 4135 occasio
803 4088 906 4162 neque
932 4066 1020 4136 locus
1047 4065 1148 4155 adest,
1176 4074 1213 4136 ut
1237 4064 1268 4135 io
1295 4066 1350 4135 has
1375 4087 1428 4136 res
1454 4064 1576 4156 longius

145 4183 368 4279 digrediamur.
420 4185 541 4256 Sufficit
567 4187 658 4258 nobis
685 4188 803 4284 aliquot
828 4191 913 4261 locos
940 4189 1084 4260 classicos
1111 4188 1150 4259 de
1177 4189 1236 4259 bae
1259 4211 1295 4259 rc
1322 4188 1456 4280 afferre,
1482 4210 1580 4284 quum

144 4308 314 4380 relationes
332 4309 473 4404 ipsorum
493 4322 635 4382 veterum
650 4322 813 4382 auctorum
827 4313 857 4383 in
873 4313 930 4384 hac
941 4336 978 4384 re
992 4315 1135 4385 maximae
1150 4313 1343 4383 auctoritatis
1358 4335 1430 4383 esse
1444 4309 1577 4381 videan-

146 4441 207 4502 tnr.
252 4434 437 4508 lnrecensu
451 4441 626 4530 politorum,
655 4436 752 4530 quiin
767 4435 874 4507 codice
889 4437 1067 4531 Upsaliensi
1079 4435 1181 4506 Eddae
1195 4437 1373 4507 Snorrianae
1386 4442 1574 4522 asservatur,

145 4554 186 4624 ita
211 4554 320 4649 incipit
345 4568 478 4629 auctor:
529 4558 721 4656 „Storlxadus
746 4557 1029 4653 (Storlxatberus)
1064 4557 1250 4654 grandevus
1277 4566 1369 4654 poeta
1395 4558 1464 4628 init.
1492 4557 1578 4650 ejus

146 4685 329 4773 poemata
343 4680 487 4770 intereo,
502 4707 573 4780 qna
594 4706 676 4754 nuno
696 4708 732 4754 ex
756 4685 907 4754 memoria
927 4694 1143 4775 recensentur,
1168 4683 1457 4779 antiquissimo
1478 4690 1580 4753 sunt.

146 4803 203 4874 llle
216 4802 255 4875 de
270 4802 398 4898 regibus
408 4808 570 4878 Danorum
585 4806 719 4877 carmina
735 4804 933 4903 composuit”
948 4806 974 4876 ¹.
998 4805 1270 4879 PostStnrlxadnm
1284 4816 1511 4879 commemorat
1522 4827 1580 4875 re·

148 4950 220 5020 gem
229 4930 408 5022 Ragnarem
423 4930 570 5024 lobbrblx,
586 4931 725 5023 reginam
740 4930 808 5022 ejus
822 4932 993 5024 Aslaugam
1009 4941 1041 5000 et
1055 4931 1135 5001 lilios
1149 4954 1281 5021 eorum3
1308 4929 1420 5003 deinde
1434 4931 1583 5021 Rragium

178 5237 349 5302 'ufltarkadr
371 5236 434 5290 blan
457 5236 537 5301 gamli
558 5251 605 5287 aar
622 5236 714 5302 slallrl;
734 5237 799 5289 bans
817 5235 900 5290 kvralli
921 5252 966 5288 arn
985 5238 1087 5288 temnat
1104 5233 1196 5311 palera
1214 5251 1268 5288 arm
1293 5250 1367 5292 mann
1390 5235 1491 5294 launna
1517 5231 1583 5282 baon

215 5329 263 5382 orti
282 5347 322 5383 nm
342 5328 572 5392 uenenorum&
