3717 5809
298 387 358 435 ΠΙ
901 389 1079 442 onereris.

298 559 406 638 tenet,
454 548 508 643 qui
552 537 775 643 amplissimam
819 573 909 622 suum
956 564 989 623 et
1026 552 1301 648 locupletissimam
1339 548 1556 623 collectionem
1595 551 1744 625 codicum

296 670 519 744 lslandicorum
545 682 579 742 et
602 673 895 768 septentrionalium
919 673 1119 746 bibliothece
1145 676 1363 749 Universitatis
1389 675 1569 747 Hatriensis
1595 675 1742 768 donavit,

297 793 410 865 additis
423 818 486 865 non
499 795 601 889 parvis
615 796 740 891 opibus,
767 820 825 892 per
838 821 916 893 quas
939 799 1126 894 scripturum
1146 799 1349 895 antiquorum
1370 801 1400 870 in
1424 799 1527 870 lucem
1542 797 1742 870 edendorum

290 918 429 990 incultas
445 918 589 990 dabatur.
640 923 753 1016 Neque
776 944 849 992 eum
875 946 949 1017 spes
975 922 1094 1015 lelellit,
1120 945 1193 994 nam
1219 934 1292 1019 post
1316 922 1385 1015 ejus
1412 931 1559 1017 mortem,
1586 922 1674 994 noris
1705 934 1742 994 et

298 1042 430 1139 copiosis
456 1040 596 1113 lontibus
616 1043 759 1135 reclusis,
786 1067 933 1138 magnam
954 1047 1092 1117 uirorum
1114 1046 1278 1118 ductorum
1299 1044 1544 1135 multitudinem,
1572 1045 1740 1141 partimin

298 1167 401 1238 studio
423 1164 577 1237 librorum
597 1177 751 1258 ueterum,
778 1168 889 1263 partim
910 1170 940 1240 in
961 1166 1002 1242 iis
1021 1169 1150 1242 edendis
1177 1182 1211 1243 et
1235 1169 1439 1265 explicandis,
1464 1169 1581 1241 sensim
1601 1170 1741 1240 sensim·

299 1316 362 1389 que
376 1301 546 1385 occupatos
561 1291 745 1362 invenimus.
786 1290 899 1377 Quoad
914 1294 1052 1365 studium
1066 1294 1237 1365 literature
1251 1295 1382 1389 poetice
1395 1306 1468 1389 post
1487 1293 1613 1388 aliquod
1635 1294 1739 1365 inter·

298 1416 412 1488 vallum
424 1437 486 1485 nou
500 1436 619 1509 pouces
633 1437 821 1487 enumerare
836 1441 1015 1511 possumus,
1035 1417 1102 1512 qui,
1125 1417 1262 1489 nonnulli
1276 1416 1421 1490 subsidiis
1435 1417 1740 1510 Arna-Magnetum

297 1539 428 1627 suffulti,
456 1541 539 1612 baud
564 1564 658 1637 parra
684 1541 714 1611 in
742 1541 800 1611 buu
824 1564 861 1611 re
887 1540 1112 1635 prestiterunt.
1164 1544 1251 1612 luter
1284 1565 1340 1613 cus
1377 1552 1411 1612 et
1435 1541 1586 1635 temporis
1612 1550 1645 1611 et
1670 1541 1740 1610 lere

297 1663 436 1757 ffi'guntei
461 1663 577 1736 laboris
603 1665 724 1736 ratione
751 1665 887 1759 primum
914 1665 1017 1735 locum
1044 1674 1133 1735 tenet
1151 1664 1312 1736 Jobannes
1328 1664 1459 1737 Olenius
1475 1664 1740 1735 Grunnauicensia

295 1786 385 1880 (Jtn
419 1770 614 1860 dtntsson
651 1790 696 1860 lrl
728 1787 908 1860 Gmnnavlls
942 1784 973 1883 †
1010 1786 1137 1881 1779),
1172 1790 1225 1883 qui
1256 1791 1351 1860 Arne
1376 1790 1522 1882 blegneo
1555 1786 1594 1859 ad
1625 1811 1740 1859 manus

297 1910 410 1982 scribe
442 1911 512 1982 luco
544 1912 666 2004 luerat,
706 1924 739 1983 et
770 1910 884 1982 deinde
916 1911 1034 2006 primus
1067 1912 1294 2008 Stipendiurius
1326 1912 1421 2006 legati
1453 1912 1740 2005 Arna-blegneani

297 2036 395 2106 lactus
421 2046 481 2106 est.
533 2038 564 2107 ls
590 2048 707 2132 preter
731 2034 897 2107 multitaria
923 2058 1020 2129 opera
1046 2035 1251 2131 philologica,
1277 2060 1348 2132 que
1375 2048 1480 2107 tamen
1506 2036 1609 2107 omniu
1635 2034 1740 2106 adbuc

298 2156 414 2229 inedita
439 2170 523 2251 sunt,
549 2159 673 2231 Eddam
695 2159 894 2231 Snorrianam
920 2181 992 2228 curn
1005 2158 1116 2229 Latina
1141 2159 1413 2255 interpretatione,
1440 2169 1590 2256 apparatu
1617 2157 1737 2250 critico,

296 2282 521 2353 commentario
543 2294 697 2378 perpetuo
716 2293 749 2354 et
763 2280 916 2353 indicibus
936 2281 977 2353 ad
997 2281 1167 2353 editionem
1185 2283 1380 2378 preparavit,
1408 2282 1464 2355 sed
1479 2284 1630 2377 hocopus
1650 2291 1739 2353 tanta

297 2406 446 2478 doctrine
466 2407 551 2478 mole
564 2406 780 2501 circumdedit,
807 2415 844 2477 ut
861 2404 947 2501 quud
960 2406 991 2475 in
1005 2404 1235 2477 Additamentis
1249 2405 1447 2478 bibliothece
1461 2430 1518 2501 per
1531 2430 1624 2478 omne
1635 2429 1739 2477 evum

297 2529 474 2623 requiescat
493 2529 673 2602 damnatum
693 2555 764 2603 esse
785 2530 926 2601 rideatur
938 2527 1117 2621 [Additam.
1129 2530 1210 2602 Ribl.
1225 2531 1316 2602 Unir.
1330 2531 1426 2603 Hain.
1440 2533 1497 2602 Nr.
1512 2528 1559 2602 32
1573 2530 1627 2602 iol.
1642 2552 1737 2625 pagg.

297 2651 395 2727 2276
421 2664 536 2750 preter
561 2655 679 2727 indices
710 2654 901 2747 continens).
928 2690 979 2706 -
1002 2653 1144 2748 Eyjullus
1173 2635 1303 2725 Juneus
1327 2653 1506 2750 (Eyjottr
1542 2657 1561 2726 J
1569 2652 1741 2746 busson)

296 2790 404 2875 pastor
428 2779 582 2853 Vallensis
608 2782 638 2850 in
664 2779 795 2851 lslandia
823 2777 943 2850 boreali
967 2773 1015 2872 (†
1045 2773 1174 2870 1745),
1205 2779 1251 2849 uir
1275 2778 1452 2849 multifarie
1477 2777 1679 2869 eruditionis,
1705 2777 1738 2847 in

295 2931 423 2980 carmen
436 2905 535 2977 Edde
548 2902 758 2977 Semuudine
772 2900 1045 2998 Vesprdbnismtl,
1072 2900 1182 2972 etalio
1203 2902 1341 2973 carmina
1361 2900 1549 2995 antiquiora,
1569 2924 1738 2972 commen-

294 3032 391 3105 tarius
417 3030 608 3126 conscripsit.
635 3064 683 3080 -
707 3028 868 3120 Eggertus
901 3025 1032 3098 Olavius
1063 3023 1235 3119 (Eggert
1260 3006 1454 3098 Olaisson
1479 3021 1510 3120 †
1538 3024 1649 3119 1769)
1673 3049 1737 3096 uon

294 3155 398 3229 aulum
409 3154 544 3226 multum
557 3154 587 3224 in
601 3152 690 3249 poesi
704 3160 846 3220 veterum
860 3148 1041 3244 explicanda
1055 3160 1195 3221 versatus
1209 3158 1271 3240 est,
1293 3147 1348 3219 sed
1362 3149 1457 3220 etium
1469 3148 1537 3243 ipse
1556 3149 1617 3220 hoc
1635 3172 1738 3243 genus

295 3287 430 3376 poiseus
443 3288 477 3350 et
489 3277 627 3348 metrice
648 3275 723 3347 artis
737 3274 851 3365 coluit,
871 3272 911 3343 de
925 3295 990 3367 quo
1004 3274 1138 3344 carmina
1153 3273 1222 3366 ejus
1243 3296 1314 3368 que
1338 3282 1507 3368 supersunt
1525 3271 1619 3365 (edit.
1639 3272 1736 3344 Heln.

299 3400 405 3477 1832.
418 3400 500 3495 Bru)
512 3399 638 3472 abunde
652 3407 820 3470 testantur.
834 3395 976 3488 -Ejus
990 3397 1086 3467 irater
1095 3396 1256 3467 Jobsnnes
1270 3396 1632 3491 Olaviusllppnonesius
1644 3394 1680 3489 (J
1687 3397 1737 3465 bn

295 3508 490 3599 Olalssou
505 3525 549 3594 lrd
563 3517 807 3617 Svelnepjum†
832 3517 959 3612 1811),
985 3519 1032 3590 vir
1044 3518 1254 3609 doctissimus,
1280 3542 1386 3614 neque
1399 3521 1501 3602 minus
1521 3521 1551 3590 in
1570 3520 1617 3590 bis
1638 3519 1737 3592 literis

295 3660 450 3740 uersutus,
479 3646 542 3718 duo
555 3643 730 3742 presertim
753 3668 849 3739 opera
869 3643 1006 3738 reliquit,
1031 3666 1102 3738 quae
1122 3666 1180 3738 per
1200 3643 1330 3736 longum
1348 3653 1473 3737 tempus
1493 3642 1523 3712 iu
1544 3643 1603 3713 boc
1623 3642 1736 3714 litera-

294 3796 366 3845 rum
386 3794 504 3864 genere
517 3773 709 3864 precipuum
724 3770 827 3839 locum
843 3778 1030 3838 tenuerunt:
1056 3767 1189 3837 alterum
1204 3766 1322 3837 scilicet
1333 3766 1465 3837 Librum
1479 3764 1519 3836 de
1532 3777 1600 3837 arte
1612 3765 1736 3860 poetica

295 3894 529 3992 septentrionali
554 3893 686 3987 antiqua·
707 3890 789 3985 (Om
802 3890 949 3963 Nordens
975 3891 1078 3983 gamle
1098 3889 1293 3982 Digtelcunst
1313 3899 1373 3960 etc.
1394 3891 1489 3960 Halo.
1519 3888 1624 3962 1786.
1646 3886 1734 3982 tto),

295 4021 428 4091 alterum
449 4015 612 4089 continens
631 4014 924 4110 interpretationem
939 4025 972 4085 ct
984 4013 1225 4085 commentarios
1238 4014 1269 4083 in
1283 4014 1431 4106 carmina,
1458 4014 1489 4084 in
1503 4013 1735 4105 Heimslrringla

296 4142 416 4216 Suorrii
430 4141 554 4215 Sturlei
574 4139 783 4230 occurrentia,
809 4161 890 4233 quos
916 4135 1030 4209 deinde
1055 4137 1173 4209 Finnus
1191 4137 1417 4230 Magnusenius
1442 4137 1549 4208 revisit
1567 4134 1667 4229 (flur.
1682 4135 1733 4205 ed.

294 4266 390 4338 Heln.
411 4265 464 4337 iol.
485 4275 562 4336 tom.
583 4290 606 4334 1.
632 4264 719 4359 pret.
747 4286 778 4358 p.
804 4282 913 4351 xx1u3
939 4271 1017 4332 torn.
1044 4285 1088 4330 vr.
1114 4261 1201 4356 pret.
1229 4284 1260 4354 p.
1287 4259 1349 4354 ιν).
1376 4299 1425 4312 -
1451 4261 1619 4332 Gunnurus
1645 4257 1734 4328 Pouli

290 4387 394 4483 (Gun
404 4412 496 4460 narr
514 4383 700 4478 Pllsson)
713 4384 847 4480 primum
859 4394 967 4455 rector
981 4383 1123 4455 Holanus
1136 4408 1195 4479 per
1206 4382 1353 4455 undecim
1367 4407 1477 4476 annos,
1498 4382 1613 4455 deinde
1626 4391 1735 4478 pastor

293 4510 584 4607 lljardarboltcnsis
617 4493 650 4581 et
681 4507 868 4603 prepositus
903 4508 1073 4603 toparchiae
1104 4507 1252 4578 Delensis
1285 4506 1316 4577 iu
1349 4506 1483 4579 lslandia
1515 4530 1574 4601 per
1604 4505 1733 4600 triginta

293 4659 393 4707 annos
420 4646 453 4706 et
478 4658 572 4729 supra
597 4634 638 4705 ab
663 4656 745 4703 anno
775 4630 868 4703 1753
892 4628 942 4726 (³5
968 4630 1003 4704 2.
1030 4630 1146 4703 Oltbr.
1177 4629 1299 4725 1791),
1326 4631 1408 4702 inter
1433 4654 1498 4703 sue
1523 4630 1624 4702 etatis
1649 4629 1732 4701 viros

293 4758 402 4830 doctos
426 4760 458 4829 in
483 4757 572 4853 poesi
593 4756 792 4851 antiquumm
812 4756 1040 4827 versatissimus
1054 4766 1087 4826 et
1106 4755 1174 4849 ejus
1194 4755 1412 4849 sagacissimus
1432 4756 1587 4853 interpres
1604 4751 1732 4824 babitus

293 4893 353 4953 est.
405 4882 479 4954 Fuit
492 4881 586 4951 etiam
606 4880 673 4975 ipse
694 4885 787 4975 polita
807 4878 1029 4974 lepidissimus,
1056 4880 1144 4974 cujus
1165 4879 1254 4950 testis
1274 4891 1323 4951 est
1342 4903 1468 4951 carmen
1489 4882 1732 4975 Guunarsslagr,

292 5004 332 5075 de
345 5028 410 5100 quo
423 5005 518 5076 etiam
531 5002 624 5074 bodie
638 5003 803 5098 disceptari
817 5003 927 5099 possit,
955 5014 1060 5074 utrum
1074 5001 1115 5072 ab
1124 5027 1163 5073 eo
1177 5003 1386 5099 compositum
1410 5005 1467 5095 sit,
1494 5029 1534 5076 au
1554 5004 1593 5076 ed
1605 5002 1731 5075 Eddum

292 5128 523 5201 Semundinam
537 5151 575 5198 er
588 5125 772 5221 antiquitate
786 5126 941 5220 pertineat
952 5124 1021 5219 (ed.
1035 5127 1065 5195 iu
1080 5126 1226 5221 Append.
1240 5127 1279 5197 ad
1294 5127 1368 5197 odit.
1383 5128 1423 5197 A.
1437 5129 1544 5219 Magn.
1560 5153 1596 5217 u,
1615 5127 1731 5201 1000-

294 5250 517 5343 101031task.
532 5251 638 5322 Halm.
655 5248 760 5323 1818.
769 5249 844 5322 8uo.
854 5274 884 5343 p.
895 5246 1118 5341 274-277).
1146 5251 1244 5319 Seviri
1258 5250 1731 5343 Aratu-Magneanisrunnamm
