3717 5809
772 393 952 450 l’llAEFATlO·

217 553 238 624 i.
255 580 287 626 e.
341 555 502 627 ludelesso
529 558 709 629 fortitudine
736 521 895 653 spectatus
928 572 1021 634 terrae
1047 566 1190 661 princeps

339 680 447 751 sedem
474 681 787 775 archiepiscopalem,
815 708 928 778 quarn
958 710 1094 758 omnes
1121 691 1272 761 Danica

337 804 470 898 lingua
498 807 713 900 loquentes
741 819 1009 901 venerantur,
1041 812 1071 881 in
1097 814 1198 883 Dauia
1225 838 1323 910 prope

338 952 356 998 a
382 929 506 1020 Lundo,
532 931 563 999 in
590 928 722 1020 gratiam
748 929 924 1022 hominum,
952 933 1128 1026 ponendam
1154 939 1283 1009 curavit.

337 1053 408 1122 Rex
434 1063 662 1122 sacrosanctam
688 1062 877 1146 potestatem
904 1058 1077 1150 promovit,

338 1184 461 1244 constat
486 1165 647 1268 Ozurem,
675 1175 786 1245 civium
814 1178 987 1248 commodis
1013 1181 1131 1276 ubique
1157 1183 1302 1280 obvium,

340 1297 389 1366 cui
414 1298 575 1367 hominnm
602 1299 781 1392 explorator
807 1300 887 1370 viam
913 1303 1082 1374 coelestem

338 1431 574 1512 commonstrat,
602 1418 903 1517 [archi]episcopum
929 1425 1153 1520 inauguratum
1179 1454 1262 1505 esse.

136 1629 261 1699 hoctor
294 1630 444 1701 Historiae
470 1631 693 1725 Cnntidarum,
733 1634 787 1728 qui
825 1645 1007 1708 contentum
1046 1643 1185 1737 strophae
1217 1668 1256 1716 eo
1282 1648 1377 1719 modo
1403 1652 1507 1749 dedit,
1546 1668 1582 1729 ot

136 1753 383 1846 interpretetur:
420 1754 550 1850 „slipldu
589 1759 652 1851 par
683 1757 752 1826 allir
776 1758 876 1828 Danir
902 1760 935 1829 til
968 1760 1088 1856 pjdna'’
1133 1764 1171 1858 (i.
1199 1791 1228 1838 e.
1268 1771 1319 1841 coi
1355 1797 1463 1848 omnes
1497 1782 1582 1852 Dani

137 1874 274 1967 subjecti
299 1875 423 1968 essent)
448 1888 502 1948 aut
527 1878 725 1970 negligenter
749 1879 884 1972 scripsit,
912 1892 967 1952 ant
992 1887 1110 1956 nomini
1134 1891 1299 1963 Dacorum
1325 1898 1452 1995 antiquo
1477 1926 1578 1999 more,

137 2010 173 2068 ut
198 1998 497 2090 demonstravimus,
524 2000 667 2070 latiorem
692 2000 952 2093 significationem
979 2006 1075 2079 dedit.

264 2122 398 2193 Einarns
407 2123 506 2194 Skulii
520 2123 602 2193 filius
611 2122 934 2218 [EinarrSlrdlason),
948 2129 1142 2206 rirlslandas
1156 2137 1259 2210 clerici
1273 2143 1389 2215 ordinis
1403 2157 1436 2216 et
1453 2147 1581 2221 celeber

137 2251 243 2336 poeto,
271 2269 399 2316 carmen
428 2247 682 2317 encomiasticum
708 2247 748 2316 dc
763 2251 864 2321 Olavo
886 2256 1001 2326 Sancto
1026 2259 1116 2350 Rege
1142 2262 1310 2358 Norregiae
1334 2272 1521 2366 composuit,
1549 2285 1581 2345 ct

140 2391 221 2437 anno
254 2368 345 2440 1152
372 2368 582 2463 presentibus
602 2369 749 2440 cardinali
770 2375 898 2446 Nicolao
918 2378 1089 2451 Albonensi
1116 2383 1277 2479 episcopo,
1301 2391 1402 2463 tribus
1416 2395 1581 2491 Narvegiae

138 2491 285 2582 regibus,
325 2493 477 2587 Epsteino
505 2493 738 2587 archiepiscopo
764 2495 961 2571 Nidrosiensi
995 2514 1028 2573 et
1052 2515 1146 2577 coetu
1171 2508 1425 2604 frequentissimo
1452 2522 1580 2591 Norae·

140 2637 249 2705 gorum
265 2627 297 2685 et
311 2613 508 2684 lslandorum
523 2615 665 2685 recitavit
677 2614 750 2706 (cir.
767 2619 939 2713 Diplomot.
953 2626 1070 2697 island.
1086 2654 1115 2722 1,
1130 2629 1202 2702 205
1217 2634 1324 2729 sqq.),
1349 2639 1435 2732 qnod
1455 2634 1580 2715 ca'rmeu

141 2737 237 2806 Geisli
257 2737 296 2828 (i.
313 2761 342 2806 e.
358 2736 476 2808 Radius
490 2734 583 2827 solis)
597 2736 713 2808 dietam
730 2752 789 2810 est.
841 2744 902 2815 Hic
927 2746 1011 2819 iuter
1036 2751 1094 2821 alia
1120 2753 1269 2827 miracula
1296 2762 1394 2832 sancti
1421 2764 1510 2835 Olavi
1536 2766 1580 2837 ibi

143 2871 305 2930 enumerat
331 2860 526 2930 sanationem
553 2860 707 2952 hominis,
746 2863 795 2932 cui
834 2865 939 2959 ling'na
976 2896 1015 2943 er
1054 2900 1109 2947 ore
1136 2879 1305 2973 exstirpato
1340 2883 1453 2977 luerat,
1494 2890 1580 2985 quod

142 2982 322 3053 miraculum
351 3006 409 3076 per
434 2993 516 3053 totos
543 2984 703 3076 regiones,
730 2986 847 3056 Danica
874 2989 980 3083 lingua
1005 2998 1183 3097 loquentes,
1209 3009 1340 3099 gloriam
1367 3011 1472 3082 Sancti
1496 3012 1580 3106 regis

143 3105 262 3176 auxisse
289 3106 364 3176 dicit
386 3103 513 3198 (Geisli,
538 3115 595 3176 str.
622 3103 717 3179 26¹:
742 3110 871 3181 Forum.
895 3137 922 3184 s.
949 3139 977 3209 v,
1004 3117 1078 3193 357
1102 3126 1159 3199 cir.
1185 3153 1248 3222 xn,
1279 3132 1383 3227 119):

191 3319 251 3388 titt
279 3318 353 3388 talk
377 3324 477 3410 madr,
504 3342 540 3388 er
565 3315 653 3388 hrilir
777 3319 799 3388 i.
814 3344 844 3390 e.
869 3326 985 3399 Postea
1007 3333 1064 3422 vir,
1092 3337 1181 3431 cajus
1209 3342 1315 3436 lingua

191 3442 358 3533 marglridr
379 3441 501 3536 jdlurr,
530 3442 616 3513 sidau
865 3465 990 3523 exsecta
1017 3458 1131 3550 lucrat,
1157 3464 1315 3558 loquelam

192 3564 246 3633 ihr
270 3567 305 3633 sd
330 3588 367 3634 er
392 3571 469 3637 orda
502 3566 593 3660 blida
867 3578 987 3671 recepit
1013 3604 1052 3650 eo
1079 3582 1146 3654 loco
1174 3611 1237 3682 quo
1264 3613 1320 3660 rex

192 3686 327 3780 alshiidr
353 3689 425 3760 larit
450 3692 545 3764 haldi.
869 3697 969 3771 iorma
995 3704 1140 3802 eximiusss
1154 3710 1300 3802 quiescit.

191 3807 299 3903 Fraegd
325 3811 415 3881 vinnr
438 3814 527 3908 lpllris
553 3818 645 3911 Egba
864 3822 960 3907 Quod
987 3826 1261 3924 iactumfgloriam
1285 3839 1407 3909 strenui

190 3932 355 4006 ldllsterhs
381 3936 416 4005 ai
437 3939 491 4032 pri
517 3941 621 4035 verli,
856 3946 1052 4040 Agdensium
1078 3954 1163 4048 regis
1189 3957 1250 4027 late
1277 3956 1460 4054 divulgavit,

186 4051 287 4145 jolnrs
313 4058 394 4128 suilli
420 4061 532 4134 iremst
556 4066 635 4136 alla
859 4093 992 4144 omnes
1018 4078 1168 4148 Daaica
1195 4078 1333 4174 lingua
1359 4084 1578 4180 loquentes

189 4176 269 4271 tinga
295 4182 313 4248 d
339 4179 490 4282 danska
517 4189 655 4283 tungu.
864 4195 1143 4292 virtutemjuvenis
1169 4202 1253 4296 regis
1267 4203 1449 4298 predicant.

259 4391 442 4485 Postquam,
457 4406 493 4465 ut
507 4397 573 4491 jam
594 4405 852 4500 monstrabimus,
879 4408 1045 4502 appellatio
1064 4409 1178 4503 linguae
1197 4415 1312 4486 mutari
1326 4413 1448 4510 {coepit
1473 4426 1577 4487 tameo

143 4533 338 4607 nunquam
364 4518 603 4610 appellationem
618 4525 805 4620 “nomena'’
819 4529 903 4624 apud
923 4537 1032 4625 podtas
1052 4533 1237 4627 invenimus,
1265 4537 1321 4608 aed
1341 4561 1467 4633 semper
1492 4540 1578 4610 anti·

143 4634 288 4727 quissimo
327 4659 417 4710 more
455 4642 580 4734 „ddnslc
618 4646 750 4743 tr'rnga'’.
800 4655 892 4723 Hanc
923 4635 1163 4749 appellationem
1195 4659 1288 4730 etiam
1314 4660 1444 4732 adhibet
1481 4662 1578 4733 irater

141 4756 305 4851 Eysteinus
347 4763 487 4855 Asgrimi
524 4768 693 4865 (Epsteinn
732 4758 971 4870 hsgrimsson),
1023 4803 1079 4872 per
1117 4781 1235 4876 aliquot
1248 4779 1364 4875 jannos
1402 4785 1576 4856 Canoniens

143 4881 289 4971 regularis
316 4885 433 4956 ordinis
450 4888 653 4989 ¹Augustini,
680 4898 814 4990 primum
841 4901 916 4970 Veri
942 4924 968 4970 s.
995 4901 1205 4997 Thpldrrabaei
1230 4905 1260 4974 in
1285 4906 1437 5000 lslandia,
1463 4905 1576 4978 deinde

174 5062 182 5091 ¹
220 5065 329 5121 Crrmeu
349 5069 436 5124 Gcisli
463 5071 489 5124 in
520 5076 610 5132 rodim
632 5080 778 5134 Holmienai
801 5082 868 5135 inter
891 5085 1023 5137 lslandiea
1047 5087 1109 5138 mbr.
1132 5090 1178 5141 Nr.
1206 5090 1235 5156 l,
1259 5090 1300 5159 qni
1326 5091 1467 5156 nergioona
1486 5092 1576 5160 (pejus

142 5157 332 5229 nycaeam.)
352 5163 464 5234 dicitnr,
492 5168 588 5236 optione
605 5184 786 5225 conservatum
805 5180 861 5242 est,
888 5193 936 5243 quo
954 5177 996 5230 laic
1014 5179 1041 5230 in
1060 5198 1109 5233 ono
1133 5190 1159 5235 et
1182 5184 1264 5235 altero
1288 5184 1409 5236 merbulo
1432 5185 1578 5248 corrigendi

142 5264 217 5303 ιιιει
237 5255 276 5307 usi
296 5272 403 5324 summ
423 5258 468 5312 aed
488 5267 572 5315 teman
590 5263 615 5316 in
635 5282 675 5333 eo,
694 5268 759 5334 qood
776 5266 820 5320 bio
836 5269 912 5322 cerdo
932 5270 969 5322 rei
988 5281 1038 5340 est,
1057 5289 1145 5327 omnes
1162 5276 1333 5328 consentiunt.
