3717 5809
764 385 942 436 aemrsrlo.
1512 382 1559 438 xv

6 643 7 652 ἵ
115 553 270 626 Resenins
290 546 408 621 deinde
431 546 539 618 edidit.
558 547 796 642 -Stephanus
823 549 895 621 Olai
919 548 1114 644 (Stephln
1141 535 1372 646 61011000),
1398 552 1453 644 qui
1479 552 1561 623 inter

117 673 394 772 praestantissimos
434 677 544 768 poetas
583 670 725 742 lslondioe
763 672 861 743 seculi
909 672 1034 768 septimi
1070 673 1181 748 decimi
1219 676 1332 745 merito
1366 686 1560 764 numeratur,

119 813 150 871 et
174 799 311 894 primurn
337 795 538 868 amanuensis
572 794 768 874 celeberrimi
802 796 941 891 episcopi
974 795 1198 868 Slralholtensis
1229 799 1377 894 Brynjolfi
1404 799 1561 892 Srcnooii‚

120 922 234 994 deinde
259 931 370 1016 pastor
395 919 627 990 Vallanesensis
655 919 730 1009 luit,
766 942 827 990 noo
855 942 965 1013 parum
999 920 1029 989 in
1056 920 1103 991 his
1129 921 1239 992 studiis
1267 932 1407 993 versutus
1433 934 1498 1014 est,
1531 934 1563 991 et

121 1046 259 1142 inprimis
279 1068 319 1115 eo
344 1055 500 1138 tempore,
527 1064 592 1136 quo
612 1039 801 1113 academiam
823 1043 1026 1114 Halnienaem
1047 1043 1254 1139 frequentavit
1272 1042 1564 1139 (1642-1648),

122 1196 182 1241 nou
210 1192 309 1265 panca
336 1167 376 1239 ad
402 1189 453 1238 res
479 1163 615 1235 Eddiras
647 1163 845 1236 illustrandas
876 1167 908 1237 in
939 1190 1032 1238 usum
1058 1169 1185 1240 Resenii
1210 1181 1243 1240 et
1266 1170 1404 1244 Wormii
1430 1169 1563 1263 scripsit,

122 1293 205 1366 uude
231 1302 353 1363 tautum
380 1312 495 1362 nomen
521 1290 653 1382 meruit,
688 1300 724 1360 01
748 1313 766 1359 0
792 1291 894 1385 legato
926 1291 1159 1385 Francogallieo
1190 1293 1350 1364 Lutetiam
1374 1292 1564 1365 Parisiomm

122 1420 258 1513 migrare
285 1427 319 1487 et
344 1414 448 1485 studia
473 1413 635 1484 literarum
656 1413 945 1507 septentrionalium
964 1412 1007 1484 ihi
1027 1437 1214 1509 promovere
1234 1416 1378 1487 inritatus
1400 1416 1450 1508 sit,
1478 1413 1563 1507 quod

124 1555 224 1614 umen
246 1538 355 1610 abnuit
374 1532 422 1632 (†
439 1533 622 1630 1688)-
637 1536 672 1605 10
700 1537 808 1607 Srecia
832 1538 894 1609 lon
920 1540 1047 1609 Jooaeus
1073 1541 1274 1633 Rugmnnn
1299 1535 1346 1635 (1
1368 1535 1479 1630 1679)
1503 1560 1565 1609 ex-

124 1665 303 1761 plicationes
317 1662 489 1733 carminum
512 1663 682 1735 multorum
702 1663 840 1759 reliquit,
867 1686 999 1757 quarum
1013 1673 1135 1757 partem
1149 1664 1295 1735 Verelius
1308 1662 1470 1757 ceterique
1484 1663 1566 1732 Sve-

125 1812 232 1860 cornm
246 1787 301 1858 riri
322 1784 404 1857 docti
421 1786 609 1858 editionibus
623 1788 824 1885 antiquorum
837 1786 1024 1881 scriptorum
1045 1786 1258 1880 inseruerunt,
1279 1811 1351 1883 pars
1370 1809 1445 1856 vero
1465 1783 1567 1856 adhuc

128 1919 157 1983 in
181 1908 383 1984 bibliothecis
396 1911 533 2005 Upsaliae
560 1921 593 1982 et
617 1912 753 1982 Holmiae
780 1910 944 1981 invenitur.
959 1948 1005 1961 -
1021 1911 1140 1981 mater
1161 1913 1218 1982 hos
1246 1910 1397 1982 nominari
1423 1921 1567 1979 meretur

83 2086 92 2098 .
124 2036 246 2129 bjiirn
272 2035 451 2105 ansson
475 2033 679 2123 desinebat,
708 2033 900 2106 virmstious
926 2033 975 2103 sui
1001 2034 1098 2105 seculi
1124 2034 1353 2105 eruditissimus
1379 2044 1413 2104 et
1437 2032 1567 2103 inlibris

125 2156 627 2252 conseribendisdiligentissimus
653 2157 735 2251 (nat.
767 2153 871 2249 1574,
898 2167 993 2228 mort.
1025 2155 1146 2250 1656),
1174 2159 1227 2252 qui
1255 2158 1403 2230 nonnulla
1430 2156 1567 2227 carmina

125 2282 249 2377 antiqua
281 2282 515 2352 commentariis
543 2282 699 2372 motmunt,
735 2291 767 2351 et
792 2292 829 2352 ut
853 2281 920 2375 ipse
947 2280 1021 2352 dicit
1052 2282 1209 2374 integrum
1241 2306 1357 2353 annum
1393 2281 1425 2352 in
1463 2281 1568 2377 expli·

125 2404 223 2477 tando
249 2405 387 2476 carmine
413 2404 524 2498 regilli,
552 2405 747 2476 Hdlublansu
774 2404 868 2497 dicto,
895 2414 1065 2501 occupatus
1092 2405 1167 2496 luit;
1194 2405 1260 2475 hnc
1285 2428 1393 2501 opera,
1427 2405 1567 2500 quamvis

126 2551 284 2624 nunqnam
311 2526 420 2620 edita,
459 2528 489 2597 in
516 2526 604 2598 libris
630 2528 847 2623 manuscriptis
875 2527 978 2598 adhue
1002 2538 1178 2601 serrantur.
1202 2566 1252 2582 -
1277 2528 1470 2622 Hallgn‘mus
1502 2531 1568 2600 Pe·

127 2665 220 2724 treus
231 2650 474 2744 (Hallgrlmr
498 2650 716 2746 Pdtrsson),
738 2665 846 2747 pastor
866 2650 1084 2723 Saurhaeensis
1104 2653 1134 2722 in
1155 2652 1312 2747 toparchia
1330 2650 1569 2747 Borglpordensi

125 2771 251 2868 (1614,
275 2769 451 2867 †1674),
479 2775 703 2847 celeberrimus
728 2781 822 2871 poeta
842 2775 998 2862 islandus,
1024 2776 1266 2848 commentarios
1280 2776 1310 2847 in
1324 2775 1471 2868 carmina,
1498 2798 1569 2871 que

127 2897 320 2969 inllistoria
347 2897 419 2969 Olai
451 2899 535 2992 regis
568 2899 714 2994 Trpggrii
744 2899 798 2970 616
825 2911 1013 2991 occurrunt,
1040 2900 1247 2996 conscripsit,
1275 2899 1378 2970 adhue
1415 2899 1446 2968 in
1483 2898 1569 2970 libris

126 3020 343 3116 manuscriptis
375 3031 528 3092 servatos.
553 3060 602 3074 -
630 3022 694 3093 Viri
734 3022 903 3094 doctissimi
928 3021 1105 3117 Rrynjollns
1144 3022 1318 3094 Saeuonius
1350 3022 1573 3118 (Brpnjdllr

127 3144 376 3236 Sreinsson]‚
388 3144 554 3239 episcopus
568 3144 808 3237 Slalholtensis‚
823 3156 856 3216 et
869 3145 1139 3240 historiographus
1154 3146 1260 3239 regius
1273 3145 1473 3218 Thormodus
1486 3148 1572 3217 Tor-

127 3270 203 3339 inus
215 3267 431 3363 (bormddr
444 3265 669 3363 Tartaron),
691 3271 805 3366 sapius
826 3267 952 3364 quidem
967 3292 1063 3340 nuum
1077 3278 1132 3340 aut
1145 3269 1278 3340 altemm
1291 3270 1394 3340 locum
1413 3271 1571 3366 poeticum

128 3400 413 3464 commemorarunt
425 3391 684 3486 relerplicarnnt,
699 3393 755 3465 sed
764 3391 1004 3463 commentarios
1018 3391 1130 3463 eodem
1139 3391 1279 3463 aceeteri
1291 3392 1573 3466 modoelaborotos

130 3515 408 3609 nonreliquerunt.
421 3552 472 3567 -
484 3517 630 3588 Exeunte
644 3518 752 3588 seculo
764 3516 898 3610 septimo
911 3514 1032 3585 decimo
1044 3515 1181 3587 Einams
1196 3515 1311 3610 Epjolh
1327 3515 1468 3609 (Einar
1479 3518 1572 3613 Epi·

130 3635 319 3730 dllssoo),
346 3639 493 3733 toparcha
521 3640 708 3711 Amesensis
738 3634 785 3733 (†
817 3635 948 3730 1695),
985 3640 1225 3710 commentarios
1251 3640 1282 3710 in
1309 3640 1461 3731 carmina,
1502 3663 1573 3735 quse

131 3762 162 3830 in
185 3759 335 3854 Bergbaia
360 3763 451 3857 bittr
475 3772 655 3853 occurrunt,
684 3762 867 3852 elaborarit,
895 3760 949 3858 qui
975 3761 1069 3831 etiarn
1101 3759 1203 3832 adhue
1226 3764 1310 3834 inter
1334 3763 1432 3835 libros
1458 3788 1574 3834 manu·

132 3884 263 3978 scriptos
297 3892 439 3974 erstant3
480 3897 513 3957 et
544 3896 699 3979 praeterea
736 3884 980 3956 commentarios
1012 3883 1041 3953 iu
1074 3884 1227 3976 earmina,
1268 3910 1339 3980 quae
1371 3886 1402 3955 in
1435 3886 1573 3957 Historia

133 4006 222 4080 Olari
236 4008 385 4102 Trpggrii
398 4007 452 4079 filii
466 4008 633 4102 Norregiae
658 4009 743 4101 regis
770 4017 955 4099 occurrunt,
976 4007 1161 4103 conscripsit
1178 4007 1285 4101 (Finn.
1302 4009 1376 4080 doh.
1390 4009 1474 4080 Hist.
1488 4008 1574 4080 Ecol.

134 4132 185 4202 lsl.
212 4155 262 4222 ιιι,
290 4129 364 4204 558
390 4142 457 4203 not.
485 4130 542 4225 0.).

283 4254 341 4326 llis
368 4254 563 4351 temporibus
591 4255 644 4325 riri
671 4254 764 4347 docti,
793 4254 845 4350 qui
871 4254 1119 4350 interpretationi
1141 4256 1277 4352 antique
1296 4261 1431 4351 poe'seos
1445 4278 1574 4349 operam

135 4378 310 4472 dedemnt,
337 4377 451 4472 duplici
476 4378 652 4475 presertim
679 4377 843 4449 obstaculo
870 4365 1010 4470 impediti
1037 4388 1145 4469 eraut,
1178 4379 1314 4473 primum
1340 4376 1426 4473 quod
1451 4377 1575 4449 codices

136 4503 188 4598 qui
212 4512 403 4597 supererant
427 4502 626 4597 manuscripti
654 4524 716 4572 non
748 4523 812 4571 uno
844 4500 914 4571 loco
945 4501 1084 4594 collecti,
1123 4501 1179 4572 sed
1213 4501 1275 4572 huc
1308 4510 1341 4571 et
1373 4501 1444 4572 illuc
1476 4501 1576 4595 sparsi

141 4624 277 4720 luerunt,
318 4625 360 4695 ita
386 4635 422 4696 ut
447 4625 523 4696 nulli
550 4624 750 4719 grandiorem
777 4647 814 4696 es
841 4623 900 4694 illis
926 4625 1092 4696 materiam
1123 4623 1307 4718 colligendi,
1346 4624 1576 4694 multominus

138 4751 260 4824 codices
282 4752 369 4847 ipsos
395 4749 557 4821 evolvendi
583 4760 616 4820 et
641 4748 771 4822 invicem
796 4747 977 4819 conlerendi
1003 4748 1126 4819 occasio
1153 4746 1297 4836 daretur3
1324 4746 1468 4840 altemm,
1491 4745 1576 4842 quod

139 4876 290 4948 editiones
317 4886 385 4947 tarn
410 4896 501 4964 rare,
528 4896 622 4968 quam
636 4870 740 4967 quoad
760 4871 901 4943 criticum
928 4880 1113 4967 apparatum
1139 4892 1249 4964 egenae
1276 4868 1414 4940 luerunt.
1473 4870 1577 4965 11610-Ι

141 5024 208 5071 mus
233 5000 332 5092 igitur
357 5000 419 5070 hoc
447 4998 514 5090 ipso
541 5005 696 5091 ternpore,
728 5005 762 5066 et
794 4993 967 5090 presertim
999 4994 1108 5065 seculo
1140 5003 1250 5064 octavo
1283 4990 1404 5062 decimo
1438 4991 1578 5083 ineunte,

141 5125 244 5219 plures
271 5124 354 5194 riros
387 5121 498 5193 doctos
530 5120 561 5190 in
595 5144 635 5190 eo
668 5128 854 5213 occupatos,
892 5127 928 5188 01
964 5117 1088 5188 codices
1122 5114 1348 5209 manuscriptos
1381 5114 1578 5206 colligerent,

141 5247 219 5318 inter
245 5268 327 5340 quos
347 5246 451 5314 almas
472 5246 636 5336 Magnaeus
654 5225 770 5334 (brui
796 5240 1034 5334 Mogariason
1062 5236 1090 5333 †
1123 5236 1233 5332 1730)
1257 5237 1450 5331 praecipuum
1475 5236 1579 5308 locum
