3717 5809
287 412 373 460 xvru
539 463 545 470 ,
905 411 1085 458 anmrarro.

434 570 494 641 His
519 569 669 667 operibus
696 596 753 667 per
782 574 899 643 multos
926 593 1027 642 annos
1053 593 1071 641 a
1099 571 1306 665 Sreinbjimo
1334 570 1517 665 Egilssonio
1543 569 1732 642 continuatis

288 694 410 787 accidit,
424 695 510 765 utlli
519 696 563 765 ch
572 694 692 767 ardus
701 698 725 768 C
734 696 817 768 leus
826 696 885 792 by,
900 718 996 790 quem
1009 706 1101 766 antea
1115 695 1353 785 nominavimus,
1367 696 1485 791 quique
1499 694 1605 766 studio
1618 692 1733 764 veteris

288 818 402 909 tingue
420 818 679 910 Septentrionalis
703 820 767 889 sive
788 818 949 890 lalandicae
969 828 1071 888 totum
1086 842 1121 888 se
1140 817 1282 906 dederat,
1299 842 1356 913 per
1376 819 1484 913 plures
1497 841 1597 889 anuos
1610 816 1733 887 Halniu

289 939 398 1012 sedem
411 939 469 1010 sibi
484 939 608 1031 figeret.
642 943 704 1012 Hic
717 965 814 1038 quom
824 940 1037 1012 subsidiorum
1051 942 1081 1012 in
1095 942 1142 1012 bis
1158 942 1268 1013 studiis
1282 940 1441 1013 delectum
1455 952 1488 1011 et
1501 940 1638 1035 inopiam
1653 961 1733 1030 gra-

289 1064 368 1133 riter
381 1064 498 1154 terret,
524 1064 661 1134 Lericon
676 1065 824 1156 generale
838 1064 867 1133 in
889 1066 969 1135 banc
989 1065 1123 1157 linguam
1143 1087 1255 1159 parare
1275 1074 1308 1134 et
1328 1063 1507 1160 sumptibus
1533 1063 1598 1134 suis
1618 1059 1735 1157 publici

285 1186 366 1279 juris
392 1187 495 1256 lacere
523 1186 700 1281 proposuit,
734 1187 764 1256 in
792 1210 930 1283 eumque
957 1188 1053 1258 finem
1080 1188 1160 1258 vires
1185 1186 1336 1258 literarias
1362 1187 1499 1282 plurium
1524 1183 1734 1274 lslandorum,

288 1309 342 1404 qui
369 1309 490 1380 Haluiae
517 1308 794 1380 commorabantur
823 1321 857 1380 et
888 1311 936 1381 llis
968 1310 1065 1380 literis
1098 1331 1227 1405 operam
1265 1308 1398 1403 dabant,
1438 1310 1499 1382 sibi
1534 1308 1734 1379 consociavit.

288 1432 379 1504 Brevi
406 1442 524 1523 autem,
551 1456 649 1526 quom
662 1433 779 1504 molem
799 1434 961 1505 lexicalem
981 1435 1064 1504 ultra
1085 1457 1173 1528 spem
1193 1434 1377 1525 exaggerari
1397 1433 1537 1517 vidisset,
1564 1442 1598 1502 et
1622 1431 1735 1523 linguae

289 1553 531 1644 abundantiam,
571 1553 724 1626 librorum
756 1558 945 1653 scriptorum
978 1560 1120 1653 copiam,
1166 1567 1200 1626 et
1231 1557 1407 1652 prasertim
1440 1556 1595 1628 sermonis
1620 1554 1736 1649 poetici

290 1680 478 1776 peculiarem
504 1677 644 1749 indolem
671 1690 704 1750 et
736 1680 922 1753 methodum
954 1681 1081 1776 propius
1109 1703 1302 1774 cognoscere
1329 1679 1508 1774 incepisset,
1534 1679 1737 1774 perspicuum

291 1804 318 1874 ei
350 1804 463 1873 lactum
491 1811 558 1894 est,
599 1827 660 1874 nou
692 1805 784 1875 unius
818 1804 939 1875 humeri
980 1828 1052 1875 esse
1084 1814 1206 1886 tanturn
1233 1826 1313 1873 onus
1339 1804 1513 1893 sustinere,
1553 1801 1610 1872 sed
1636 1800 1737 1871 multo

290 1925 401 2018 magis,
428 1924 487 1995 nisi
512 1925 593 1996 alter
617 1927 724 2017 borno,
751 1927 783 1998 in
810 1928 933 2022 seriptis
961 1927 1094 2022 poeticis
1122 1937 1278 2018 versatus,
1305 1927 1386 1996 banc
1399 1927 1590 2021 provinciam
1604 1923 1737 2019 ceperit,

291 2059 328 2119 ut
352 2048 492 2118 Lenicon
520 2050 673 2119 sermonis
697 2052 810 2145 podtici
838 2052 1065 2142 conscriberet,
1093 2074 1173 2146 opus
1199 2049 1284 2119 nullo
1309 2047 1405 2119 modo
1431 2049 1470 2119 od
1497 2050 1593 2120 linem
1608 2046 1738 2143 perduci

289 2194 397 2269 posse.
438 2171 545 2254 Quum
575 2174 654 2243 banc
680 2174 866 2244 senteutiam
893 2184 926 2243 et
951 2173 1143 2244 desiderium
1168 2196 1240 2243 com
1266 2172 1436 2241 secretario
1457 2173 1622 2244 Societatis
1640 2169 1740 2242 Anti·

291 2298 473 2393 quariorunr
497 2296 793 2391 septentrionalium
811 2297 925 2392 sepios
946 2296 1236 2388 communicaverat,
1263 2304 1297 2365 et
1316 2305 1458 2391 sumptus
1478 2297 1517 2368 ad
1544 2296 1603 2366 hoc
1625 2317 1741 2364 norum

290 2445 371 2515 opos
399 2418 626 2514 perficiendum
656 2420 850 2491 necessarios
883 2443 921 2490 en
955 2431 1045 2514 parte
1079 2420 1235 2490 sustinere
1261 2431 1405 2514 paratum
1433 2443 1468 2490 se
1495 2444 1566 2491 esse
1593 2419 1741 2489 declara-

293 2554 396 2635 verat,
426 2543 525 2613 literae
553 2542 592 2614 de
619 2545 677 2615 lrac
702 2566 738 2614 re
764 2567 781 2611 o
808 2544 979 2614 secretorio
1006 2543 1172 2614 Societatie
1197 2544 1302 2614 missae
1329 2556 1403 2616 sunt
1430 2543 1470 2614 ad
1495 2542 1741 2636 Sveinbjrirnum

291 2666 519 2760 Egilssoniom,
546 2668 635 2760 cujus
662 2667 827 2738 interulis
854 2668 884 2737 in
912 2668 971 2737 boc
997 2689 1116 2758 genere
1143 2667 1255 2737 eximia
1275 2665 1428 2759 doctrina,
1454 2669 1608 2759 sagacitas
1626 2675 1660 2735 et
1676 2688 1740 2735 non

292 2790 379 2886 parvi
405 2790 556 2860 momenti
584 2791 721 2884 praestita
747 2813 843 2885 opera
868 2799 943 2860 nota
975 2792 1114 2861 luerunt.
1178 2789 1259 2881 llle,
1299 2790 1351 2885 qui
1393 2813 1450 2884 per
1481 2791 1596 2860 multos
1628 2810 1739 2878 annos,

293 2923 329 2983 ut
351 2912 415 3005 jorn
443 2922 535 2982 antea
561 2914 695 3004 relatum
724 2926 796 3002 est,
836 2914 908 2983 hnic
947 2911 1050 2983 studio
1090 2935 1124 2982 se
1163 2909 1318 2998 dederat,
1358 2923 1391 2983 et
1423 2913 1588 2984 materiem
1614 2908 1741 2983 abunde

293 3044 515 3128 congesserat,
548 3035 588 3104 ad
614 3060 694 3130 opus
720 3035 932 3133 prestandum
960 3035 1190 3130 paratissimum
1216 3060 1251 3107 se
1278 3037 1422 3131 prebuit,
1450 3048 1482 3107 et
1514 3036 1620 3132 paucis
1652 3033 1741 3104 annis

293 3159 336 3229 ita
350 3157 493 3253 perfecit,
520 3168 556 3229 nt
569 3182 650 3230 anno
663 3184 861 3250 uncccxnvr,
885 3159 953 3229 vivo
973 3158 1076 3229 adbuc
1092 3157 1250 3230 Richardo
1278 3159 1430 3256 Cleasby,
1458 3184 1538 3256 opus
1557 3158 1742 3229 absolutum

295 3281 442 3354 Societati
469 3290 586 3352 nostrae
619 3281 745 3353 tradere
779 3282 928 3377 potuerit.
978 3284 1103 3354 Interea
1129 3280 1264 3377 Cleasbp
1296 3283 1327 3352 iu
1353 3284 1470 3354 Lerico
1497 3282 1629 3379 prosaici
1666 3303 1742 3350 ser-

296 3406 396 3476 monis
423 3403 600 3498 colligendo
626 3416 816 3499 occupatus,
856 3428 953 3501 opera
979 3406 1170 3498 collegarum
1204 3429 1333 3477 suorum
1360 3406 1486 3500 adjutus
1513 3416 1634 3476 tantum
1660 3425 1742 3499 pro-

295 3529 424 3617 fecerat,
450 3536 486 3597 nt
504 3527 562 3597 sibi
582 3527 680 3598 libros
699 3528 928 3621 manuscriptos
948 3538 982 3598 et
998 3529 1182 3623 impressos,
1204 3552 1284 3623 quos
1299 3530 1329 3599 in
1343 3553 1435 3601 suum
1449 3555 1542 3602 usum
1556 3536 1742 3600 convertere

296 3660 516 3747 proposuerat,
538 3649 603 3743 jam
619 3651 783 3722 exhaurire
809 3651 965 3743 licuisset3
992 3651 1105 3722 deinde
1132 3652 1226 3723 etiam
1252 3653 1373 3748 singula
1412 3655 1562 3727 vocabulo
1596 3650 1743 3722 ordinare

295 3786 329 3846 et
341 3773 473 3867 Angliee
492 3773 647 3867 explicare
665 3774 836 3870 inceperat,
862 3799 961 3871 quum
974 3798 1061 3846 mors
1074 3798 1114 3846 er
1132 3775 1291 3870 inopinato
1310 3777 1535 3872 superveniens
1557 3776 1655 3846 virum
1677 3772 1742 3845 do-

296 3897 481 3988 ctissimum,
509 3905 572 3966 tam
587 3898 734 3968 solertem
753 3907 787 3969 et
806 3898 999 3970 laboriosum
1019 3920 1114 3993 quam
1146 3900 1297 3993 propositi
1323 3910 1477 3990 tenacem,
1505 3900 1545 3972 ab
1559 3921 1656 3994 opere
1670 3919 1742 3989 suo,

296 4017 367 4091 orbi
386 4018 530 4090 literario
557 4042 619 4090 non
645 4020 746 4092 minus
765 4032 875 4116 optato
895 4045 990 4117 quam
1018 4020 1207 4115 desiderato,
1235 4023 1381 4116 abripuit.

446 4140 507 4212 llic
531 4165 623 4215 casus
654 4143 824 4216 editionem
851 4145 956 4240 operis
983 4169 1045 4216 uon
1071 4168 1182 4240 paurm
1208 4144 1385 4241 impedivit,
1421 4144 1498 4215 'iude
1524 4167 1599 4214 vero
1625 4143 1744 4239 aliquid

297 4266 398 4360 magis
410 4264 600 4337 incommodi
620 4276 725 4339 ortum
746 4279 806 4340 est.
856 4271 955 4341 Novar
975 4268 1059 4339 enim
1081 4266 1236 4340 editiones
1259 4273 1448 4365 scriptorum
1467 4268 1498 4338 iu
1513 4269 1617 4339 locum
1632 4290 1743 4341 earum

298 4398 460 4480 venerant,
486 4412 565 4484 quas
583 4401 694 4462 auctor
712 4391 751 4462 ad
773 4415 883 4464 manus
897 4392 1063 4486 habuerat,
1090 4390 1176 4488 quod
1202 4392 1233 4462 iu
1259 4392 1340 4463 libro
1359 4389 1479 4463 utendo
1498 4415 1612 4486 magno
1633 4392 1746 4463 luisset

301 4510 539 4608 impedimento,
554 4513 612 4585 nisi
627 4514 748 4585 numeri
762 4515 801 4586 ad
815 4515 945 4587 modom
958 4515 1079 4586 illarum
1095 4514 1267 4585 editionum
1280 4516 1392 4586 mutati
1406 4515 1550 4586 luissent.
1577 4514 1743 4586 Interdum

299 4636 462 4727 vocabulo,
484 4637 593 4707 lormae
615 4636 796 4730 verborum,
816 4638 873 4733 ipsi
894 4662 1003 4709 versus
1030 4639 1060 4708 in
1089 4638 1176 4708 novis
1203 4637 1391 4709 editionibus
1418 4638 1592 4710 secundom
1620 4637 1744 4708 codices

297 4759 525 4853 manuscriptos
537 4758 578 4829 ita
591 4761 702 4831 mutati
716 4771 807 4832 erant
819 4772 852 4832 et
864 4762 1009 4855 correcti,
1023 4772 1059 4833 ut
1071 4762 1227 4833 nonnullis
1242 4762 1317 4833 locis
1332 4761 1478 4832 excidere
1492 4772 1621 4857 possent
1635 4760 1742 4854 verba,

299 4885 348 4956 vel
367 4882 537 4954 verborum
559 4883 681 4976 lormae,
707 4885 757 4955 vel
783 4884 1040 4979 significationes,
1067 4886 1115 4956 rel
1140 4886 1342 4979 conjecture,
1369 4908 1440 4982 quae
1467 4886 1526 4956 soli
1551 4885 1744 4980 corruptioni

299 5015 404 5079 textus
424 5006 576 5100 originem
596 5006 768 5096 debebant,
787 5008 854 5078 aliis
873 5031 950 5079 vero
969 5011 1044 5081 locis
1059 5010 1175 5081 formas
1196 5033 1291 5081 novos
1311 5019 1344 5080 et
1363 5007 1608 5101 significationes
1626 5006 1745 5079 addere

299 5154 430 5202 necesse
453 5140 550 5203 esset.
587 5132 621 5201 ln
648 5131 734 5224 siglis
759 5130 905 5203 adhibitis
932 5142 1086 5227 praterea
1112 5134 1250 5204 nonnihil
1277 5132 1438 5205 brevitatis
1464 5143 1498 5202 et
1522 5132 1745 5203 uniformitatis

298 5251 667 5326 causamntanduurlnit.
688 5256 758 5325 Hac
767 5255 889 5326 ratione
901 5255 931 5325 in
943 5279 1041 5351 opere
1052 5255 1243 5351 perficiendo
1253 5255 1419 5327 maximam
1431 5266 1553 5350 partem
1565 5256 1747 5328 babuerunt
