3717 5809
652 1053 1014 1153 PRAEFATIO.

109 1342 316 1460 Assacano
343 1391 407 1459 boc
432 1414 553 1484 opere,
585 1405 618 1462 et
642 1404 763 1463 astante
788 1403 949 1488 tempore,
983 1415 1047 1486 quo
1073 1392 1158 1461 hicce
1185 1391 1265 1461 liber
1291 1387 1438 1462 exomni
1466 1399 1553 1485 parte

111 1514 284 1583 instructus
318 1515 349 1582 iu
377 1513 536 1609 publicum
563 1515 689 1610 prodire
715 1514 849 1607 debeat,
891 1538 953 1584 non
986 1513 1160 1585 mirandum
1194 1526 1261 1605 est,
1302 1540 1377 1606 nos,
1417 1539 1552 1611 quorum

110 1660 228 1706 mrraus
254 1637 372 1708 lactura
400 1649 450 1708 est
475 1638 610 1710 eundem
637 1640 751 1712 librum
777 1640 835 1711 bac
860 1638 1092 1735 praefatiuncula
1119 1638 1187 1710 orbi
1214 1639 1337 1709 literato
1363 1639 1452 1733 quasi
1478 1650 1551 1711 cute

111 1761 222 1830 oculos
249 1761 377 1852 sistere,
404 1762 435 1831 in
460 1767 775 1858 utramquepartem
801 1763 1002 1835 commoveri.
1054 1761 1255 1854 Gaudemus,
1282 1786 1379 1858 quum
1406 1764 1550 1856 sciamus,

111 1885 141 1952 iu
169 1884 231 1953 hoc
256 1882 338 1954 libro
351 1887 655 1980 prestantissimum,
682 1887 767 1983 quod
793 1889 824 1958 in
844 1889 904 1959 boc
924 1886 1052 1981 quidem
1071 1885 1233 1958 literarum
1251 1910 1368 1980 genere
1388 1887 1551 1983 hucusque

111 2005 239 2100 prodiit,
267 2031 348 2102 opus
374 2011 548 2104 perlectum
574 2033 663 2102 esse;
689 2010 844 2103 dolemus,
873 2010 958 2108 quod
984 2011 1040 2106 ipsi
1068 2012 1197 2103 egregio
1223 2013 1342 2083 auctori
1376 2036 1438 2082 non
1470 2035 1551 2082 con-

111 2153 238 2201 cessam
264 2141 316 2202 est
340 2155 421 2226 opus
447 2156 550 2227 suum,
578 2143 673 2205 tante
699 2159 793 2228 curre,
820 2147 913 2206 tante
940 2137 1117 2230 industrie,
1151 2137 1237 2208 tanti
1255 2136 1402 2206 indefessi
1435 2133 1549 2205 laboris

112 2255 260 2345 lructum,
289 2255 320 2324 ia
333 2253 495 2350 publicum
521 2257 675 2351 prolerre,
703 2269 735 2328 et
761 2282 831 2353 quae
858 2262 1034 2331 necessaria
1062 2271 1151 2333 erant
1177 2284 1319 2330 mouere.
1373 2259 1546 2350 Timemus,
1628 2248 1630 2251 Α

112 2378 278 2450 amicitiam
309 2390 450 2451 nostram
483 2390 515 2450 et
548 2381 694 2475 pietatem
734 2382 765 2451 iu
803 2383 863 2453 boc
898 2407 971 2453 casu
1003 2407 1074 2478 que
1106 2384 1281 2455 neccssaria
1316 2393 1389 2452 sunt
1427 2395 1548 2474 suppe-

111 2500 209 2573 ditare
223 2527 286 2573 nou
301 2527 408 2597 posse.
456 2504 520 2575 Sed
539 2505 679 2599 quumvis
699 2505 803 2575 amaia
824 2506 913 2578 nobis
934 2504 1070 2576 manime
1091 2519 1238 2602 exoptata
1260 2532 1322 2576 non
1348 2506 1546 2606 contigerint,

111 2629 182 2698 satis
210 2627 405 2698 obtinuimus
437 2628 467 2698 in
494 2630 561 2721 ipso
587 2651 703 2722 opere,
742 2639 778 2700 ut
809 2630 1003 2701 confidamus
1036 2632 1096 2702 boc
1128 2632 1230 2725 ipsum
1257 2653 1371 2700 nomen
1398 2654 1490 2701 suum
1517 2639 1550 2698 et

109 2752 243 2821 auctoris
269 2751 317 2821 sui
344 2752 407 2822 alte
439 2752 552 2822 tollere
584 2775 696 2846 posse,
730 2764 763 2824 et
794 2754 905 2822 harum
938 2754 1099 2825 literarum
1133 2753 1307 2825 cultoribus
1341 2752 1546 2848 persuadere,

108 2898 220 2946 nomeu
245 2875 383 2946 auctoris
410 2874 657 2970 prestantissimi
690 2874 817 2971 dignum
850 2857 948 2970 esse,
989 2879 1075 2975 quod
1107 2880 1226 2950 bonore
1259 2887 1292 2947 et
1321 2886 1411 2970 grato
1444 2875 1548 2946 animo
1629 2851 1635 2863 ⁹

106 2999 295 3073 celebretur.

256 3125 430 3218 Speremus
457 3144 518 3192 aon
545 3123 702 3215 ingratum
734 3124 803 3195 lore
835 3124 991 3197 benevolo
1024 3126 1150 3218 lectori,
1186 3123 1304 3219 aliquid
1337 3124 1377 3194 de
1411 3133 1484 3194 ortu
1516 3132 1548 3192 et

111 3250 169 3319 rita
193 3245 332 3318 auctoris
357 3269 563 3339 cognoscere,
589 3268 648 3340 pro
668 3256 755 3317 certo
773 3247 938 3340 babentes,
966 3247 1049 3320 huuc
1069 3250 1184 3322 librum
1207 3272 1269 3319 aon
1291 3270 1364 3317 raro
1384 3247 1415 3316 in
1436 3270 1546 3317 manus

111 3397 221 3444 eorum
231 3380 412 3462 uenturum,
426 3370 479 3465 qui
491 3393 531 3441 ne
543 3393 657 3441 nomeu
670 3369 796 3465 quidem
810 3372 945 3443 auctoris
959 3383 1050 3443 autea
1064 3372 1250 3462 audiverint,
1266 3381 1416 3442 ettamen
1429 3370 1546 3466 aliquid

110 3495 284 3566 accuratius
310 3493 350 3564 de
375 3492 489 3564 eodem
515 3516 708 3586 cognoscere
735 3491 992 3566 desideraverint.
1043 3498 1143 3567 Natus
1164 3506 1214 3565 est
1233 3495 1543 3588 igiturSvernarden

108 3622 272 3691 Ecussarr
296 3618 327 3687 in
353 3617 422 3686 villa
450 3616 546 3687 rurali
571 3614 720 3708 Njardvilr
737 3616 904 3710 interiori,
931 3620 961 3689 in
989 3619 1149 3714 toparchia
1176 3619 1361 3712 Gullbrlnga
1388 3618 1487 3709 dicta,
1515 3618 1543 3687 iu
1628 3701 1630 3708 y

108 3742 242 3814 islandia
276 3739 491 3830 meridionali,
530 3740 597 3809 lere
624 3738 765 3834 quinque
805 3741 943 3813 milliaria
976 3742 1016 3813 ab
1051 3743 1193 3837 emporio
1227 3742 1337 3812 insulae
1370 3742 1542 3840 principali,

106 3864 296 3962 Reylrjarilr,
323 3863 470 3934 distante.
520 3861 597 3932 Dies
630 3861 739 3934 natalis
771 3862 828 3935 luit
862 3866 977 3937 lestur'n
1010 3867 1138 3939 Mathia
1163 3866 1316 3962 apostoli,
1348 3891 1393 3937 vr.
1420 3867 1542 3941 calend.

105 3993 199 4062 Mart.
224 3984 304 4081 (24.
330 3984 444 4078 Febr.)
473 3982 579 4056 1791.
630 3988 782 4058 Parentes
809 3988 890 4081 Egill
918 3989 1204 4083 Sveinbjarnarson·
1225 4001 1258 4061 et
1283 3988 1541 4064 GudrainOdds-

105 4114 213 4203 ddttir,
239 4112 307 4205 qui,
333 4133 523 4205 quamquam
548 4131 666 4201 genere
687 4111 829 4205 populari
848 4112 927 4205 orti,
954 4122 1141 4185 tamennon
1167 4113 1270 4183 minus
1296 4113 1388 4183 animi
1415 4111 1541 4187 dotibus

104 4258 198 4332 quam
225 4231 426 4305 facultatibus
452 4231 725 4326 iatcr'primsrios
751 4234 798 4304 sui
832 4234 948 4305 ordinis
983 4238 1241 4309 numerabantur.
1299 4235 1395 4306 Filius
1427 4238 1537 4309 decem

102 4382 199 4430 runos
226 4369 319 4430 natus
345 4365 473 4429 curante
501 4364 589 4451 putre
615 4355 645 4424 ia
672 4356 801 4428 domum
826 4359 933 4452 Magni
960 4361 1174 4456 Stepbensen,
1203 4359 1317 4454 judicis
1344 4359 1481 4453 primarii
1507 4365 1538 4433 in

101 4483 249 4554 tribunali
277 4483 452 4577 superiore,
480 4494 628 4579 exceptus
650 4496 699 4555 cst
718 4480 861 4575 (1801),
889 4506 985 4578 quem
1011 4485 1190 4577 nutricium,
1213 4483 1327 4555 eodem
1347 4507 1428 4553 auno
1449 4499 1538 4579 patre

101 4606 255 4698 orbatus,
289 4614 400 4702 postea
439 4628 565 4700 semper
596 4618 632 4677 ut
657 4616 778 4701 patrem
805 4607 899 4677 coluit
925 4618 959 4676 et
985 4606 1102 4677 dileiit.
1168 4612 1301 4701 Magnus
1328 4608 1536 4700 Stepbensen,

100 4731 157 4802 boc
181 4743 328 4825 ternpore
356 4740 389 4799 et
414 4727 526 4823 opibus
553 4731 672 4825 polleas
710 4741 742 4801 et
777 4728 937 4799 literarum
971 4732 1076 4801 lavore
1109 4755 1235 4826 semper
1269 4729 1398 4822 ardens,
1438 4754 1536 4824 puero

13 4937 14 4954 χ
100 4855 262 4948 ingenioso
288 4862 500 4948 praeceptores
527 4852 625 4942 dedit,
652 4863 685 4924 et
713 4864 880 4949 postquam
907 4877 965 4946 per
990 4853 1110 4947 aliquot
1135 4877 1234 4924 annos
1261 4853 1374 4944 literis,
1408 4877 1479 4947 qua
1505 4855 1546 4922 in'

101 4978 210 5048 sobolis
236 4976 319 5048 tradi
333 4976 448 5067 solent,
475 4999 602 5069 operam
630 4975 773 5068 dederat,
800 5001 817 5045 a
839 4976 1046 5047 celeberrimo
1061 4977 1160 5047 Arnio
1174 4977 1277 5069 Helgii
1291 4958 1385 5068 (dmi
1411 4976 1536 5065 Helga-

100 5099 181 5193 soa),
208 5111 275 5171 turn
305 5109 447 5193 pastore,
474 5109 584 5194 postea
612 5099 735 5169 officiali
762 5111 795 5169 et
821 5100 969 5193 episcopo
995 5098 1112 5169 titulari
1126 5098 1155 5168 iu
1170 5098 1314 5186 islandia.
1342 5121 1412 5166 curn
1440 5098 1534 5165 testi-

98 5224 202 5294 monio
237 5220 433 5294 scholastico
460 5219 606 5292 dimissus
633 5223 690 5292 luit
715 5221 856 5312 (1810).
