3717 5809
285 383 343 432 th'
910 385 1086 431 PRAEFATIO.

434 544 466 616 Si
494 542 707 635 crederemus,
748 566 927 616 sermonem
954 544 1112 639 poeticum
1139 545 1275 640 antiquis
1301 543 1497 640 temporibus
1524 557 1736 618 communem

286 670 394 761 luisse,
421 668 463 739 ita
488 676 525 737 ut
550 665 645 738 verba
672 673 837 762 poetarum
865 668 1029 763 exquisita,
1057 668 1180 738 termini
1200 668 1411 763 mythologiei,
1439 671 1521 764 tropi
1547 670 1726 743 artificiales

284 806 317 863 et
342 791 469 880 similia,
507 790 536 860 in
563 790 752 862 camninibus
779 798 944 886 poetarum
977 791 1193 874 occurrentia,
1233 793 1346 886 cuique
1387 792 1503 863 bomini
1536 818 1575 865 ex
1608 795 1725 890 populo

284 917 446 1012 perspicua
474 914 616 1006 luissent,
643 915 745 1007 gravis
764 914 855 986 nobis
878 934 970 985 error
988 924 1084 986 esset.
1124 916 1195 985 Non
1216 938 1313 1010 pauca
1333 916 1476 1011 exempla
1491 914 1722 1011 demonstrant,

285 1040 422 1111 carmina
455 1038 582 1133 antiqua
622 1061 640 1108 a
673 1039 767 1131 vulgo
805 1039 853 1109 sui
898 1039 1049 1133 temporis
1089 1061 1151 1108 nou
1191 1038 1289 1131 magis
1316 1040 1383 1110 lere
1415 1040 1573 1114 intellecta
1614 1041 1724 1132 luisse,
1797 1033 1805 1048 '

283 1187 376 1259 quarn
405 1160 496 1233 hodie
522 1160 605 1257 apud
631 1184 688 1232 nos
714 1162 941 1255 intelliguntur.
991 1163 1063 1232 Hoc
1089 1185 1151 1231 000
1178 1163 1338 1233 minusca
1365 1187 1401 1235 re
1428 1162 1598 1260 probatur,
1639 1163 1725 1260 quod

284 1287 402 1382 antiqui
429 1286 558 1378 librarii,
584 1287 638 1382 qui
664 1308 789 1381 prosam
816 1286 991 1358 orationem
1018 1286 1085 1356 sine
1111 1283 1295 1356 dillicultate
1329 1287 1580 1382 exscripsemnt,
1615 1312 1725 1360 versus

283 1411 380 1482 textui
407 1410 516 1480 insitos
543 1409 658 1504 saepius
691 1419 839 1504 corrupte
872 1407 1047 1502 dederunt,
1087 1419 1121 1479 et
1151 1407 1278 1503 quidem
1310 1409 1371 1502 ita,
1411 1422 1447 1481 ot
1472 1434 1511 1481 er
1544 1413 1723 1507 corruptela

283 1545 391 1631 aperte
418 1533 552 1624 eluceat,
578 1531 739 1603 librarium
766 1532 902 1603 carmina
928 1530 1058 1602 omnino
1084 1554 1146 1602 non
1173 1531 1378 1604 intellexisse.
1429 1537 1475 1605 lta
1504 1534 1590 1606 verbi
1616 1557 1723 1627 causa,

282 1671 317 1731 ut
342 1670 465 1730 ceteros
491 1666 727 1752 praetereamus,
751 1655 907 1746 librarius,
948 1656 1000 1750 qui
1026 1653 1166 1726 codicem
1193 1655 1413 1751 Upsaliensem
1446 1658 1610 1754 descripsit
1641 1658 1723 1730 eirca

280 1806 396 1857 annum
432 1778 542 1873 1300,
581 1789 690 1875 aperte
717 1778 958 1871 demonstrarit,
997 1801 1033 1849 se
1071 1778 1206 1849 carmina
1245 1780 1344 1851 textui
1381 1784 1499 1853 inserta
1538 1804 1600 1852 non
1626 1782 1724 1852 intel-

280 1908 412 1996 lexisse3
452 1902 565 1974 endem
598 1900 693 1973 mado
720 1901 855 1990 librarii,
882 1902 977 1997 idque
1008 1902 1063 1972 viri
1097 1903 1219 1991 clerici,
1255 1904 1308 1998 qui
1336 1903 1476 1976 codicem
1502 1905 1722 2000 Flatepeosem

279 2032 395 2103 dictum
421 2029 501 2100 circa
528 2050 642 2097 annum
675 2022 767 2098 1487
794 2026 1011 2121 seripserunt,
1050 2049 1159 2097 versus
1192 2051 1254 2097 000
1283 2048 1392 2121 parum
1426 2041 1591 2123 corruptos
1618 2030 1721 2101 hadi-

279 2155 404 2226 derunt.
455 2155 562 2224 Poetae
607 2150 702 2220 seculi
742 2149 843 2244 quarti
888 2149 1016 2240 decimi,
1081 2148 1134 2243 qui
1180 2149 1314 2220 carmina
1360 2151 1507 2243 religiosa
1552 2153 1721 2249 plurimum

278 2285 543 2372 composuerunt,
571 2275 650 2344 hanc
680 2295 822 2342 normam
850 2274 1008 2367 precipue
1035 2272 1093 2343 sibi
1127 2270 1309 2342 servandam
1338 2272 1512 2364 dederunt,
1551 2286 1587 2346 ut
1612 2287 1721 2372 tropos

278 2401 427 2492 Eddicos,
454 2397 543 2493 quasi
569 2396 787 2468 ethnicismum
814 2396 949 2485 olentes,
977 2396 1149 2483 evitarent3
1175 2418 1237 2464 non
1264 2395 1360 2488 igitur
1386 2396 1501 2467 mirum
1527 2410 1586 2492 est,
1614 2401 1722 2472 seculo

278 2534 393 2620 quarto
407 2521 529 2593 decimo
543 2530 575 2591 et
596 2518 721 2591 duobos
743 2518 960 2615 sequentibus,
989 2543 1051 2614 quo
1071 2529 1213 2613 tempore
1234 2517 1294 2589 hoc
1311 2543 1412 2612 genus
1432 2529 1567 2616 poiseus
1586 2525 1722 2596 maxime

278 2649 385 2744 viguit,
412 2645 509 2717 multa
534 2643 718 2740 antiquioris
744 2649 879 2739 poeseos
905 2642 1072 2739 peculiaria
1100 2641 1194 2714 verba
1216 2653 1250 2714 et
1267 2644 1418 2715 terminos
1444 2646 1662 2740 exquisitiores
1688 2674 1721 2720 rn

278 2772 465 2846 oblivionem
493 2765 620 2839 abiisse.
673 2767 764 2838 Initio
792 2767 887 2838 seculi
914 2766 1039 2861 septimi
1065 2766 1201 2861 decimi,
1228 2790 1326 2864 quum
1351 2792 1417 2838 uno
1443 2768 1621 2866 eodemque
1652 2772 1720 2842 lere

276 2908 420 2990 tempore
453 2890 643 2986 antiquitatis
676 2889 814 2961 studium
855 2890 885 2959 in
918 2890 1036 2982 Dania,
1077 2891 1185 2962 Srecia
1219 2901 1252 2962 et
1287 2892 1444 2985 Norregia
1478 2892 1717 2986 effervescebat,

277 3020 330 3091 siri
357 3017 440 3089 docti
467 3015 626 3110 antiquam
652 3013 761 3108 poisin
787 3013 1063 3107 septentrionalem
1090 3036 1295 3107 cognoscere,
1323 3026 1356 3085 et
1381 3017 1518 3087 carmina
1544 3017 1719 3111 priscorum

276 3150 442 3240 poitarum
457 3138 608 3235 explicata
629 3134 759 3228 habere,
774 3133 956 3208 desiderare
970 3148 1144 3232 cmperunt.
1183 3140 1218 3208 lu
1238 3161 1349 3208 eorum
1363 3161 1457 3211 osum
1476 3141 1719 3213 commentarios

280 3267 414 3366 primum
442 3262 582 3334 ridemus
609 3285 627 3332 a
654 3259 754 3331 doctis
780 3259 851 3330 viris
883 3259 913 3329 in
941 3258 1073 3331 lslandia
1099 3262 1310 3356 conscriptos,
1343 3264 1397 3358 qui
1429 3262 1543 3334 deinde
1568 3264 1609 3335 ab
1635 3265 1719 3336 Olao

274 3390 424 3464 Wormio
437 3390 530 3458 Dana
550 3396 583 3456 et
597 3384 722 3455 Verelio
745 3385 844 3455 Sveco
866 3382 896 3454 in
917 3380 1076 3477 publicum
1098 3383 1171 3454 editi
1186 3394 1276 3474 runt3
1300 3385 1384 3480 ipsos
1399 3385 1542 3457 lslandos
1557 3411 1717 3482 nunquam

275 3524 365 3584 antea
392 3512 469 3583 tales
495 3507 738 3580 commentarios
764 3504 925 3600 scripsisse
952 3505 1107 3598 norimus,
1135 3507 1160 3576 si
1187 3507 1267 3577 lorte
1294 3508 1428 3603 excipias
1456 3532 1529 3605 quae
1543 3510 1717 3605 explicandi

274 3659 367 3707 causa
391 3635 422 3704 in
448 3631 539 3704 Edda
565 3631 684 3703 Snorrii
710 3628 814 3700 addita
841 3629 1051 3700 inveniuntur.
1103 3628 1226 3699 Primus
1253 3632 1393 3702 omnium
1418 3633 1556 3725 hlagnus
1584 3633 1714 3705 Olarius

272 3755 459 3853 (hlognr'rs
485 3735 711 3846 01010000),
738 3751 1059 3848 pastorLaulasensis
1080 3750 1258 3823 inlslandia
1284 3752 1403 3825 boreali
1429 3754 1714 3848 (1622-16363

273 3877 387 3976 †22.
414 3880 499 3972 Aug.
529 3876 623 3951 1636
650 3900 765 3948 annum
791 3899 888 3969 agens
913 3874 1048 3967 extra),
1075 3885 1197 3970 partem
1223 3875 1322 3948 Eddae
1348 3878 1546 3972 Snorrianae,
1574 3901 1647 3974 qum
1673 3878 1713 3948 de

273 4001 579 4075 denominationibus
605 3999 736 4096 poeticis
762 3999 845 4092 agit,
872 4007 1005 4091 rogante
1032 3997 1238 4070 celeberrimo
1255 4001 1531 4093 drngrimolouae
1553 4002 1712 4093 Vidalino,

272 4150 355 4198 anno
385 4122 478 4198 1600
504 4124 534 4195 in
567 4125 709 4196 ordinem
735 4121 964 4219 alphabeticum
998 4120 1121 4214 redegit
1149 4120 1208 4214 (A.
1241 4124 1350 4217 Magn.
1378 4122 1461 4198 758.
1496 4122 1592 4219 lto),
1626 4125 1711 4220 quod

270 4273 350 4347 opus
375 4247 489 4325 deiude
515 4274 586 4322 com
612 4248 762 4323 Wormin
787 4244 1051 4318 communicatum
1077 4268 1094 4314 a
1121 4248 1215 4316 Petro
1240 4247 1314 4317 Joh.
1340 4249 1480 4321 Resenio
1506 4248 1627 4320 editum
1662 4260 1712 4321 est

267 4373 395 4468 („Edda
416 4363 646 4444 lslandorum'’.
666 4372 760 4441 Haln.
789 4367 893 4442 1665.
920 4364 1007 4460 410).
1058 4368 1182 4439 Deinde
1209 4393 1270 4440 000
1298 4394 1395 4465 pauca
1422 4373 1561 4443 carmina
1587 4384 1710 4445 uetusta

269 4498 353 4570 Olea
364 4496 513 4570 Wormio
529 4503 661 4587 rogante
676 4493 851 4589 explicarit,
878 4516 958 4587 quos
989 4493 1231 4563 commentarios
1257 4493 1287 4563 in
1314 4517 1406 4565 usum
1433 4518 1526 4566 suum
1554 4497 1708 4568 convertit

269 4621 452 4708 Wormins,
485 4617 622 4689 nonnihil
649 4617 742 4688 etiam
770 4618 800 4687 in
826 4615 1022 4687 bibliothecis
1056 4615 1169 4686 nostris
1203 4616 1304 4688 adhuc
1337 4628 1527 4714 asservatur,
1554 4645 1583 4691 v.
1610 4643 1638 4690 e.
1666 4621 1706 4690 A.

265 4747 372 4838 Magn.
387 4739 470 4815 762.
484 4738 552 4812 dtu.
567 4780 617 4791 —
633 4739 753 4811 Eodem
773 4740 867 4811 modo
882 4741 1003 4810 Saeuus
1016 4740 1146 4810 Jonaeus
1170 4739 1336 4832 (Sveinn
1362 4743 1382 4812 J
1390 4742 1484 4816 6000
1495 4743 1572 4835 00),
1598 4751 1706 4838 pastor

264 4865 452 4941 cathedralis
477 4863 621 4934 llolanus
648 4875 681 4935 et
707 4862 821 4934 deinde
849 4871 957 4957 pastor
982 4860 1149 4931 Bardcnsis
1174 4860 1256 4955 (nat.
1289 4861 1399 4954 1603,
1425 4861 1457 4956 1·
1487 4864 1615 4959 1686),
1641 4889 1703 4937 000

265 5015 360 5086 pauca
388 4989 426 5059 ad
453 4987 590 5059 carmina
615 4987 796 5058 illustranda
823 4984 995 5056 elaboravit
1027 4996 1059 5054 et
1091 5008 1162 5054 curn
1196 4986 1342 5057 Wormio
1375 4990 1627 5061 communicavit.
1655 5028 1705 5045 -

264 5111 472 5183 Gudmundus
499 5110 636 5181 Andreae
661 5108 911 5201 [Guhrnundr
939 5103 1224 5200 0106000000]ι
1253 5107 1381 5201 1054),
1414 5111 1506 5204 primi
1526 5114 1632 5185 Lerici
1651 5117 1703 5185 ls-

263 5235 372 5304 landici
414 5245 540 5324 00οῑ00,
574 5235 815 5303 commentarius
848 5258 875 5300 ro
910 5254 1036 5299 carmen
1077 5231 1229 5300 Eddicum
1271 5233 1408 5326 l'iilnspa
1447 5235 1589 5329 scripsit,
1622 5261 1703 5331 quos
