3717 5809
738 426 920 473 ruperto.
1457 423 1549 471 xxxl

121 585 222 677 linguar
248 583 446 655 lslaudorom
472 584 526 656 diu
548 583 613 678 jaru
639 585 789 656 usitatam
815 586 934 678 luerit,
974 606 1164 681 quamquam
1191 607 1230 655 er
1257 585 1317 655 hoc
1347 592 1492 679 tempore
1518 585 1548 656 iu

121 708 196 780 libris
220 709 344 802 scriptis
371 708 566 804 frequentius
593 707 720 803 prodire
746 709 888 803 caeperit.

253 834 303 902 Er
326 853 366 902 eo
385 829 458 901 inde
472 842 628 927 tempora,
643 856 741 927 quum
761 833 876 927 scripta
891 833 1016 926 antiqua
1040 830 1090 902 edi
1111 840 1214 924 empta
1227 838 1311 921 sunt,
1340 840 1373 901 et
1386 830 1549 902 literatura

119 956 233 1050 antiqua
259 978 277 1025 a
306 956 418 1026 Svecis
433 1006 443 1044 ,
461 956 561 1025 Dania
583 965 615 1025 et
640 955 796 1047 Norvegis
821 955 930 1046 recoli,
957 956 1056 1024 multa
1082 977 1161 1023 nova
1186 955 1217 1023 in
1244 955 1302 1024 hac
1327 977 1363 1025 re
1389 953 1549 1049 disceptu-

118 1078 239 1167 bantur,
279 1101 378 1173 quum
417 1101 526 1149 omnes
567 1078 627 1149 sibi
664 1077 804 1171 linguam
837 1087 870 1149 et
906 1078 1101 1148 literaturam
1132 1076 1288 1147 vindicare
1320 1076 1549 1150 desiderarent.

119 1202 196 1272 Sreci
227 1200 362 1295 primurn
396 1201 552 1296 „linguam
590 1200 750 1296 antiquam
785 1196 972 1272 Gothicam’'
997 1199 1195 1292 (Verelius),
1236 1199 1350 1271 deinde
1390 1201 1550 1296 „linguam

119 1325 266 1418 antiquam
308 1319 613 1418 Septentrionalem’'
650 1323 907 1417 (Peringslsdld),
948 1333 1110 1418 postremo
1149 1322 1305 1416 „linguam
1345 1321 1552 1395 islandicam?

119 1446 287 1539 (Sjiborg,
315 1446 579 1539 Hammarsl'dld)
609 1448 817 1542 appellarunt.
881 1448 988 1537 Dani,
1016 1446 1129 1540 partiru
1157 1442 1197 1514 ab
1223 1444 1353 1515 lalandis
1379 1447 1549 1539 informati,

120 1571 241 1665 pn'mum
263 1571 405 1663 linguam
419 1571 569 1641 Asianam
594 1556 757 1664 (dsamdl)
783 1581 815 1640 et
841 1571 994 1641 Runicam
1020 1567 1220 1661 (Rdnemdl),
1248 1570 1296 1638 vel
1324 1570 1419 1639 etiam
1446 1571 1551 1641 Dani-

118 1717 177 1765 cem
201 1692 334 1786 (Diinslr
360 1694 476 1787 lainga)
501 1705 669 1784 vocarunt,
708 1695 820 1787 partim
859 1703 1010 1763 tractatus
1045 1692 1135 1764 Olavl
1164 1692 1350 1788 Hyitaslsald
1376 1718 1438 1764 non
1464 1705 1551 1765 recte

27 1813 28 1834 ¹
118 1815 315 1908 intellectos¹,
342 1818 453 1912 partim
480 1817 719 1911 appellationem
745 1817 987 1886 vetustissimam
1007 1816 1118 1886 secuti.
1172 1816 1287 1886 Seculo
1313 1827 1402 1887 serto
1428 1817 1551 1889 decimo

27 1957 28 1996 1
118 1950 146 2010 et
167 1941 313 2035 sequenti
339 1942 433 2031 vulgo
460 1941 489 2010 in
516 1940 616 2010 Deoia
631 1951 664 2011 et
684 1939 840 2032 Norsegia
861 1940 1149 2034 frequentissimum
1178 1939 1273 2008 luisse
1295 1939 1418 2012 videtur
1436 1965 1551 2013 nomen

116 2063 230 2156 ,lingua
255 2058 443 2152 lslandiea”,
483 2063 568 2158 quod
595 2086 632 2133 er
660 2063 781 2156 scriptis
814 2062 959 2135 Uudalini
993 2073 1025 2132 et
1055 2062 1194 2135 Worruii
1226 2072 1356 2158 apparet
1370 2059 1399 2133 ⁹.
1464 2065 1551 2136 Libri

27 2221 28 2286 3
118 2186 243 2256 viromm
283 2186 482 2262 [alendorum
521 2187 678 2280 Itunolphi
712 2188 802 2257 Jonae
841 2185 1032 2277 (Rundllr
1068 2185 1261 2278 Jdnssou)
1299 2198 1331 2257 et
1369 2188 1551 2259 Gudmuudi

118 2307 242 2379 lludreae
282 2307 536 2402 (Gudmundr
562 2307 835 2400 Andresson),
874 2310 955 2379 circa
982 2306 1121 2377 medium
1159 2310 1256 2379 seculi
1289 2311 1412 2404 septimi
1439 2311 1552 2382 decimi

119 2434 287 2527 comeripti,
341 2434 474 2526 primum
514 2431 754 2527 appellationem
795 2433 1000 2525 generalem,
1040 2454 1111 2526 quae
1137 2442 1247 2527 postea
1273 2433 1419 2526 invaluit,
1459 2434 1552 2504 adhi-

117 2551 283 2644 buemut⁸,
324 2579 419 2649 quam
446 2558 559 2626 nostris
586 2556 799 2650 temporibus,
836 2578 935 2650 quum
960 2555 1099 2624 Societas
1126 2553 1383 2649 Antiquariorum
1411 2558 1551 2650 Septen-

118 2678 287 2747 tnonulium
301 2676 399 2748 libros
421 2678 566 2772 antiquos
581 2677 676 2747 edere
702 2679 827 2772 incepit,
855 2700 931 2747 voce
945 2677 1063 2747 Donica
1077 2675 1310 2767 „Oldnordisls”
1336 2678 1551 2750 reddiderunt.

119 2801 219 2894 Neque
233 2801 295 2870 hoe
308 2800 376 2870 sine
389 2800 510 2873 ratione
523 2801 699 2871 sufficiente
712 2803 827 2871 lactum
841 2812 901 2893 est,
917 2824 988 2871 narn
1002 2801 1027 2870 si
1041 2810 1150 2870 nostro
1164 2810 1307 2893 tempore
1320 2800 1551 2893 linguaDenico

117 2921 223 3013 (dinslr
243 2922 360 3016 tringa)
386 2947 464 3017 pure
490 2947 579 2994 more
605 2924 820 3018 antiquissimo
845 2923 1065 3017 appellaretur,
1093 2923 1180 2992 lacile
1206 2920 1278 2992 inde
1300 2945 1390 2992 error
1403 2923 1551 3017 oriretur,

118 3056 149 3116 ut
170 3070 238 3117 curn
264 3046 418 3117 hodierna
446 3048 550 3140 lingua
576 3047 693 3117 Dauieo
726 3045 981 3115 contunderetur.
1020 3044 1108 3114 ldem
1134 3046 1252 3115 valeret
1277 3044 1318 3116 de
1343 3047 1552 3140 appellatione

119 3169 210 3261 lingua
228 3170 406 3260 Norvegicn
426 3168 566 3261 (Noralr)
585 3179 618 3239 et
643 3168 683 3239 de
709 3168 853 3239 obsoleta
878 3167 972 3238 medii
1000 3167 1150 3261 temporis
1176 3166 1429 3240 denominatione
1444 3172 1553 3265 „Nor-

148 3381 158 3412 ²
192 3384 253 3436 licei
274 3383 319 3436 isti
339 3385 403 3452 apud
423 3383 566 3450 scriptores
584 3381 712 3450 antiquos,
735 3383 778 3452 qui
805 3382 953 3435 uominilros
978 3368 1124 3448 „A'samil”
1149 3387 1175 3433 et
1196 3383 1364 3449 „lldnaruail”
1389 3400 1480 3436 ansam
1504 3384 1552 3436 da·

119 3477 180 3528 tone
196 3477 327 3541 ridentur,
345 3476 371 3528 hi
391 3483 463 3529 suat:
484 3474 515 3543 a)
526 3481 625 3529 saorra
642 3477 716 3527 Ecca
733 3476 853 3529 Praelatio
873 3476 902 3546 (Ι
914 3475 977 3540 28);
996 3470 1105 3543 „peiere
1123 3476 1212 3543 tdnga,
1230 3476 1399 3540 Asiamanua,
1419 3493 1465 3529 aar
1483 3477 1552 3543 aigin

119 3572 190 3636 tinga
206 3588 247 3623 un
266 3571 303 3621 nn
322 3568 397 3642 pessi
414 3569 505 3636 lond’,
532 3570 549 3622 i.
574 3587 595 3623 e.
619 3570 709 3633 lingua
731 3568 887 3621 Asianorum
914 3567 964 3635 (=
987 3568 1116 3633 Asarnm)
1141 3568 1168 3618 in
1194 3568 1236 3620 lris
1260 3570 1377 3623 omnibus
1402 3570 1554 3634 regionibus

120 3663 386 3732 (septentrionalibus)
405 3662 593 3732 propriassit,
616 3664 685 3716 conl.
705 3667 843 3714 tractatum
861 3661 935 3713 (llari
954 3662 1103 3713 hritaslrald
1123 3660 1149 3712 in
1169 3662 1220 3712 SE.
1241 3663 1281 3724 ll,
1304 3662 1347 3713 94.
1383 3691 1417 3701 -
1436 3662 1466 3729 lr)
1487 3664 1553 3713 Tra·

119 3762 193 3808 etates
215 3756 294 3808 olari
316 3754 343 3808 io
367 3758 419 3807 SE.
443 3759 484 3819 11,
506 3756 640 3821 tta-189,
666 3756 809 3822 prasertim
835 3756 889 3806 hac
914 3756 1006 3807 narbo:
1035 3754 1254 3820 „Samhljddendr
1283 3771 1329 3807 ero
1353 3757 1431 3809 elletu
1453 3757 1462 3807 l
1489 3758 1554 3809 rdaa

120 3849 199 3914 eslim
215 3849 235 3900 i.
256 3866 279 3902 e.
300 3848 431 3917 diphtongi
451 3850 476 3900 in
496 3865 615 3902 sermone
633 3849 760 3915 (rectiora
781 3845 932 3915 alphabeto)
953 3846 1052 3899 lluoioo
1070 3853 1130 3898 sunt
1149 3847 1275 3914 undecim,
1300 3850 1351 3900 SE.
1375 3852 1417 3912 11,
1437 3850 1486 3915 72,
1504 3851 1553 3901 clr.

120 3957 172 4007 pag.
189 3942 232 3996 ⁷8.

149 4033 159 4063 ²
191 4035 288 4087 Eriens
306 4015 500 4097 llrnatreulrooa,
520 4036 656 4103 praelectas
674 4032 855 4086 lllandaleuaia
874 4032 899 4085 iu
913 4032 1047 4098 Norvegia
1063 4033 1128 4085 156⁷
1141 4034 1180 4102 (†
1192 4033 1282 4101 1583),
1297 4035 1386 4087 retulit
1399 4050 1430 4086 aa
1440 4034 1554 4088 codicem

122 4127 234 4181 uillicum
252 4129 279 4179 in
294 4129 407 4194 linguam
426 4127 579 4181 islandicam
598 4129 750 4180 translatum
771 4125 885 4196 (undarat
907 4142 958 4193 paa
981 4126 1172 4179 islandiake
1195 4125 1322 4194 Mael')
1344 4134 1403 4180 aute
1426 4133 1554 4180 trecentos

122 4236 192 4273 aaron
205 4222 330 4290 scriptum
349 4221 457 4272 vidisse.
482 4222 564 4272 l’edcr
583 4221 713 4273 Glaussdn
733 4219 815 4270 Undal
833 4218 963 4284 Norriges
982 4220 1156 4273 Beskrirelee.
1176 4221 1255 4271 flatu.
1272 4220 1347 4273 1632.
1357 4224 1409 4273 dto.
1423 4238 1481 4288 pag.
1499 4222 1553 4274 157.

122 4315 390 4380 -Lirgoalslaadira
409 4315 544 4381 [ulalauda
555 4311 683 4381 sprog'’)‚
702 4319 741 4365 et:
759 4312 865 4377 Lingua
881 4311 1022 4378 islandiae,
1039 4331 1093 4383 quaa
1111 4321 1201 4366 nostra
1218 4314 1322 4383 antiqua
1340 4314 1450 4378 genuina
1467 4314 1556 4377 lingua

122 4405 166 4456 tait
190 4407 376 4476 (ulalandisk,
403 4425 460 4460 som
477 4424 528 4460 rar
551 4421 602 4458 ror
627 4413 693 4459 rctte
714 4408 824 4472 gemmei
851 4406 970 4470 usal’).
1017 4407 1098 4458 olaus
1120 4407 1261 4460 Wormius
1284 4408 1310 4458 in
1335 4407 1500 4461 Dedicationa
1523 4407 1555 4458 ad

27 4567 28 4570 Ἴ
124 4499 303 4554 Casaellarium
321 4500 394 4566 regni
418 4501 557 4565 Norregire
582 4499 796 4567 Glaristoplrorum
822 4502 892 4551 Urne
909 4501 936 4550 7.
953 4499 1030 4551 Febr.
1053 4499 1132 4562 1633,
1163 4501 1298 4570 praemissa
1319 4500 1423 4554 editioni
1448 4500 1555 4553 {leima-

27 4577 28 4590 ’
124 4591 221 4660 lriagla
238 4595 346 4662 interpr.
367 4595 436 4645 Petr.
452 4594 554 4646 Clausa.
574 4594 666 4646 Undal.
686 4594 765 4644 flato.
787 4592 859 4645 1633.
879 4593 943 4654 41ο.,
961 4592 1026 4660 qaod
1045 4608 1102 4644 mox
1121 4591 1187 4646 idam
1197 4594 1336 4650 Worroius
1354 4594 1379 4646 in
1400 4578 1556 4647 Pratatioue

124 4683 175 4735 tilri
196 4687 233 4740 ita
255 4688 309 4739 alio
334 4687 409 4739 modo
433 4685 565 4752 exprimit:
594 4685 708 4756 Antiqua
731 4685 820 4751 lingua
842 4685 1003 4752 Norrcgicm
1031 4702 1085 4756 quaa
1108 4687 1190 4740 adlroa
1207 4686 1233 4739 iu
1259 4686 1373 4741 lalandia
1394 4686 1509 4740 usitatur
1531 4692 1556 4739 et

27 4827 28 4836 .
125 4777 177 4829 alim
193 4798 238 4848 per
255 4780 343 4834 omnin
362 4782 416 4833 hrao
434 4796 513 4846 regna
530 4779 745 4848 septentrionalia
762 4778 788 4831 io
807 4795 857 4831 osu
875 4779 926 4831 suit
944 4779 1028 4846 (uvel
1045 4780 1130 4846 geute
1142 4781 1239 4834 norska
1251 4781 1332 4847 Meci,
1351 4797 1407 4833 som
1425 4781 1456 4831 de
1474 4780 1556 4833 endon

27 4841 28 4908 i
124 4869 212 4938 bragar
231 4892 280 4943 paa
296 4874 389 4929 lslaud
407 4891 441 4942 og
457 4873 466 4925 i
485 4875 584 4927 lordum
603 4873 652 4924 rid
670 4889 717 4926 rar
736 4888 821 4939 gange
839 4872 848 4924 i
866 4874 917 4926 atla
935 4872 1007 4926 diosa
1024 4874 1148 4927 nordiske
1166 4873 1289 4942 Biger‘’).

156 4996 166 5024 ⁸
198 5000 326 5064 hiaena
346 5001 638 5071 Septentrionalis
657 5001 993 5070 elementa(auotor1tun.
1012 5000 1090 5068 Jon.)
1117 5002 1190 5054 1651.
1227 5002 1279 5054 lto.
1304 5028 1338 5039 -
1366 4998 1556 5053 decentissima

27 5081 28 5084 ’
127 5089 301 5160 antiquissima
325 5095 443 5161 lingua*
462 5096 740 5162 septentrionalia
762 5094 927 5158 incunabula,
958 5094 974 5147 i.
995 5113 1016 5147 e.
1041 5093 1223 5147 Grammatico
1250 5092 1385 5146 lalandiace
1413 5091 1557 5143 rudimenta

27 5195 28 5242 t
129 5179 230 5247 (tumor.
248 5191 314 5241 Rea.
346 5185 433 5254 don).
467 5188 543 5240 flato.
579 5187 651 5240 1651.
679 5190 730 5240 tto.
759 5216 790 5226 -
820 5189 933 5240 Leriaou
960 5188 1161 5240 lslaodiaum
1189 5187 1246 5240 sive
1275 5186 1389 5240 Gothicas
1417 5187 1497 5241 Runa
1514 5186 1557 5239 rel

27 5277 28 5298 ¹
129 5273 245 5343 tat-gna
261 5279 547 5353 septentrionalis
564 5279 743 5340 dictionarium
764 5261 1009 5356 (auctfeulmund.
1028 5282 1159 5349 Andreae).
1180 5282 1258 5333 flato.
1280 5280 1353 5333 16811.
1382 5278 1433 5339 110,
