3717 5809
762 413 938 462 PBAEFATIO.
1534 421 1580 469 Vll

131 531 312 662 continent,
335 595 409 668 quae
437 582 526 644 sunt:
560 573 595 665 a)
619 597 744 645 carmen
769 555 858 646 (llals
884 574 993 671 drtpa,
1026 576 1067 647 de
1094 578 1196 649 Olavo
1222 580 1371 674 Tryggvii
1396 578 1462 652 filio
1489 584 1577 653 Nor·

8 727 9 732 ,
134 697 236 786 regim
274 718 351 788 rege
383 696 609 791 compositum,
649 709 682 767 et
714 698 744 767 in
781 700 873 770 unico
906 699 1016 771 codice
1050 700 1213 772 llalllredo
1253 708 1355 796 poete
1394 705 1578 778 attributam

134 816 288 912 (1832);
321 817 361 912 b)
386 820 618 912 Fragmentum*
639 822 784 893 carminis
806 822 1056 919 Placidusdrtpa,
1084 824 1124 893 de
1139 825 1254 895 Sancto
1269 826 1395 896 Placido
1415 838 1448 898 et
1468 828 1579 899 Theo-

134 943 215 1036 pista
235 939 385 1035 (1833);
412 942 447 1036 c)
465 952 602 1038 quatuor
627 947 763 1016 earmina
791 948 930 1042 antiqua,
957 947 1094 1040 religiosi
1121 950 1310 1041 argumenti,
1336 973 1408 1045 qne
1434 950 1579 1022 dicuntur

8 1059 10 1094 ¹
134 1067 300 1157 Harmslrl,
328 1066 559 1156 Lilroarbraut,
587 1069 787 1140 Leillarvisan
815 1081 847 1140 et
872 1069 1001 1162 Heilags
1029 1068 1109 1141 anda
1135 1071 1220 1141 vlsur
1243 1070 1387 1165 (1844).

285 1190 394 1275 Quum
421 1198 492 1284 post
517 1191 693 1262 absolutam
720 1192 891 1264 editionem
904 1191 1005 1263 Eddae
1027 1192 1238 1265 Saemundine
1264 1197 1433 1287 aSeviris,
1462 1198 1577 1293 quibus

133 1318 290 1408 Legatum
317 1315 412 1384 Arna
436 1314 572 1406 Mognaei
604 1338 688 1385 curae
720 1316 941 1387 demandatum
977 1328 1063 1406 erat,
1100 1317 1264 1389 consilium
1292 1319 1402 1389 initum
1429 1321 1505 1412 luit,
1543 1334 1578 1393 ut

134 1437 225 1509 Edda
240 1437 360 1509 Snorrii
375 1436 509 1527 Sturlai,
537 1436 797 1533 interpretatione
809 1441 919 1510 Latina
943 1453 975 1511 et
994 1451 1146 1536 apparatu
1160 1441 1268 1513 critico
1280 1444 1578 1541 commentariisque

136 1564 287 1633 instructa
314 1560 481 1650 ederetur,
517 1559 725 1653 Svainbjdrno
756 1563 938 1655 Egilssonin
971 1565 1182 1659 scripsemnt,
1217 1576 1254 1634 ut
1287 1565 1577 1660 interpretationem

8 1709 9 1764 l
136 1698 169 1756 et
200 1685 424 1779 explicationes
458 1685 630 1755 carminum
670 1684 875 1756 elaborandus
921 1699 1079 1776 sumeret,
1128 1686 1215 1782 quod
1253 1698 1285 1757 et
1319 1686 1455 1761 libenter
1494 1693 1576 1763 lecit.

8 1804 9 1852 ³
135 1814 276 1903 Accepto
301 1833 319 1878 a
347 1808 461 1879 Seviris
489 1810 789 1902 Arna-Magneaois
822 1811 977 1907 exscripto
1010 1822 1113 1882 textus
1148 1833 1220 1880 curn
1254 1810 1439 1884 lectionibus
1473 1816 1576 1908 variis,

135 1932 316 2027 fragmentis
337 1931 531 2003 diversorum
552 1931 706 2025 codicum,
734 1944 905 2029 ceteroque
932 1933 969 2004 ad
999 1934 1167 2005 editionem
1195 1934 1431 2029 praeparandam
1459 1960 1575 2009 neces-

135 2058 216 2127 sano
248 2067 419 2152 apparatu,
458 2079 572 2126 munus
604 2054 663 2126 sibi
696 2056 910 2128 concreditum
944 2058 1092 2153 perlecit,
1132 2068 1165 2127 et
1196 2056 1237 2126 ita
1271 2079 1308 2127 cr
1343 2069 1431 2153 parte
1462 2062 1575 2155 potiori

135 2181 230 2251 editio
255 2180 568 2272 Arna-Magnaeana,
606 2178 695 2271 cujus
729 2181 793 2251 duo
826 2181 980 2251 volumino
1010 2180 1075 2272 jam
1112 2179 1296 2276 prodierunt
1326 2179 1437 2273 (Heln.
1469 2181 1574 2259 1848.

140 2302 260 2396 1852),
287 2305 315 2373 ei
343 2302 437 2372 tribui
464 2312 580 2397 potest.
631 2304 680 2373 Er
709 2312 797 2373 tertu
822 2326 839 2372 a
867 2304 981 2375 Sevin‘s
1002 2303 1305 2397 Ama-Magnaeanis
1331 2303 1427 2377 misso
1453 2309 1573 2402 paravit

134 2427 302 2498 editionem
325 2422 427 2495 Eddaa
449 2425 627 2496 Snorrinnae
651 2423 820 2521 (Replq‘av.
845 2423 967 2519 1848),
995 2440 1028 2498 et
1053 2425 1251 2524 quorundam
1278 2437 1467 2501 tractatuum
1486 2432 1574 2503 anti-

133 2574 280 2647 qoorum,
307 2547 361 2645 qui
388 2547 462 2619 lruic
487 2546 568 2619 libro
595 2549 626 2619 in
652 2549 809 2620 nonnullis
836 2549 994 2621 codicibus
1021 2551 1240 2645 manuscriptis
1255 2551 1357 2646 juncti
1376 2552 1574 2626 inveniuntur

132 2672 324 2766 (uivgjmotr
363 2668 547 2768 tilbeyrandi
582 2670 827 2743 Smne-Eddu.
857 2670 985 2767 1849),
1030 2675 1079 2745 cui
1111 2671 1230 2745 addidit
1260 2675 1379 2747 clarem
1410 2677 1573 2749 metricam

132 2794 336 2891 (lllttalplril)
353 2793 527 2888 lldgnraldi
553 2796 686 2866 cernitis.
714 2796 882 2891 speciatim
909 2796 974 2869 duo
999 2797 1135 2868 carmina
1161 2797 1301 2894 antiqua,
1328 2821 1400 2894 qnvc
1426 2800 1457 2869 in
1482 2799 1572 2872 Edda

135 2920 300 2992 Snorriana
327 2927 538 3008 asservantur,
566 2919 766 3013 Haustleung
792 2932 825 2990 et
850 2920 1041 3016 ptrsdrtpa,
1068 2942 1140 2991 cum
1167 2922 1392 2995 commentario
1417 2922 1570 2995 lslandice

8 3147 9 3174 Ν
134 3038 397 3136 1111311).

229 3165 380 3257 11111111,
419 3167 471 3262 qui
496 3165 561 3259 jam
588 3166 670 3238 allati
697 3177 782 3259 sunt,
822 3167 912 3236 multi
938 3167 1067 3262 quidem
1094 3180 1127 3240 et
1152 3193 1214 3240 non
1249 3169 1356 3258 minus
1377 3166 1568 3241 indefessam

133 3313 237 3362 curam
263 3313 359 3386 quam
386 3289 558 3362 doctrinam
586 3302 619 3361 et
644 3289 845 3383 sagacitatem
872 3290 1009 3360 auctoris
1036 3299 1206 3384 testantes,
1245 3301 1446 3382 tamennon
1482 3292 1573 3363 aliter

8 3405 9 3444 ¹
134 3437 169 3484 ac
199 3413 288 3510 quasi
322 3435 534 3508 praecursores
567 3423 600 3483 et
625 3408 856 3509 praeparatores
889 3412 983 3505 hujus
1017 3414 1124 3485 Larini
1151 3414 1264 3510 poetici
1297 3414 1454 3508 generalis
1481 3413 1570 3484 dasi-

133 3538 218 3631 gnari
237 3545 382 3630 possunt.
422 3537 504 3606 Non
525 3535 623 3605 latere
643 3534 744 3631 potuit
762 3559 847 3627 eum,
874 3537 923 3605 cui
950 3536 989 3608 ab
1016 3536 1103 3608 initio
1129 3535 1351 3609 demandatum
1365 3548 1443 3624 ,arat
1460 3560 1570 3609 versos

132 3660 274 3756 antiquos
300 3657 500 3753 interpretari
527 3669 560 3728 et
586 3658 753 3753 explicare,
781 3669 933 3754 qnantum
960 3661 990 3731 in
1016 3661 1077 3730 boc
1104 3660 1263 3731 literarum
1290 3682 1408 3753 genere
1421 3669 1569 3750 restaret,

8 3843 9 3848 ,
133 3794 283 3879 quantam
323 3781 353 3852 in
392 3779 584 3853 editionibus
619 3781 729 3877 partim
765 3781 795 3853 in
828 3781 995 3854 scribendo
1029 3784 1140 3880 partim
1173 3783 1204 3853 in
1244 3781 1569 3878 edendo-,paccatum

133 3908 240 3997 luerit,
266 3929 327 3978 aec
351 3906 456 3977 minus
482 3915 634 4001 quantum
662 3905 693 3976 in
719 3905 907 4002 explicandis
933 3906 1123 3979 carminibus
1156 3907 1329 3978 erraverint
1359 3906 1416 3992 viri
1449 3903 1569 3978 doetis-

132 4030 210 4121 simi,
236 4030 322 4100 omni
349 4031 416 4101 lare
444 4028 550 4099 critico
577 4027 782 4100 fundamenta
809 4029 961 4101 destituti.
1014 4032 1081 4101 Nec
1106 4054 1180 4102 eum
1212 4030 1338 4121 lelellit,
1372 4029 1458 4124 qood
1490 4029 1569 4102 tales

132 4177 254 4225 errores
273 4163 306 4223 et
324 4152 474 4222 vacillatio
488 4150 696 4248 interpretum
711 4175 773 4223 oon
789 4162 961 4249 potuerunt
975 4153 1032 4224 nisi
1041 4152 1193 4246 judicium
1210 4151 1371 4224 bominum
1386 4151 1426 4237 de
1441 4152 1568 4248 antiqua

131 4278 215 4370 poesi
242 4274 478 4372 septentrionali
506 4284 538 4345 et
562 4275 657 4370 genio
689 4275 758 4368 ejus
784 4273 956 4371 depravare
990 4285 1022 4347 ct
1048 4298 1262 4372 corrumpere.
1312 4273 1465 4350 Videmus
1491 4298 1569 4371 ergo

126 4402 187 4494 jam
219 4396 314 4474 1824
340 4408 502 4470 auctorem
529 4409 671 4471 nostrum
700 4412 830 4471 strenue
856 4410 1043 4496 occupatum
1076 4401 1106 4470 in
1138 4397 1329 4471 carminibus
1360 4398 1496 4493 antiquis
1529 4422 1568 4468 er

130 4524 338 4596 membraneis
365 4520 525 4594 codicibus
551 4520 747 4615 colligendis,
775 4522 860 4619 quod
880 4523 1051 4617 negotium,
1079 4544 1176 4618 quum
1202 4522 1270 4617 ipse
1296 4520 1478 4593 alentibus
1506 4531 1567 4592 tarn

130 4649 218 4740 longe
230 4647 372 4736 abesset,
397 4644 503 4717 amicis
517 4643 581 4716 suis
595 4655 627 4716 et
642 4644 812 4741 discipulis,
839 4647 891 4743 qui
909 4646 1030 4718 llnlnire
1044 4643 1331 4736 commorabantur,
1358 4643 1566 4716 demandavit.

130 4772 184 4841 llis
209 4769 448 4843 collectionibus
473 4768 642 4839 instructus
671 4768 784 4863 partim
810 4768 971 4866 speciatim
1004 4793 1075 4867 que
1108 4778 1198 4839 antea
1238 4767 1440 4865 exposuimus
1472 4790 1568 4863 opera

129 4895 281 4989 praestitit,
307 4894 422 4989 partim
448 4892 588 4963 Lerieon
614 4893 765 4986 generale
799 4892 953 4965 sermonis
979 4893 1092 4988 politici
1117 4892 1293 4985 congessit,
1321 4892 1406 4985 quod
1431 4915 1467 4963 re
1494 4915 1566 4962 vera

130 5017 239 5113 duplex
254 5029 315 5108 est,
343 5017 480 5112 primurn
494 5016 554 5085 lroc
567 5027 710 5087 nostrum
724 5015 1061 5107 lebadiae-Latinum,
1088 5013 1173 5112 quod
1193 5014 1328 5111 primum
1350 5014 1567 5112 inscripserat:

129 5141 418 5237 „Glossarium
446 5139 608 5211 continens
621 5163 716 5210 voces
729 5138 885 5235 simplices
902 5139 1149 5234 etcompositas,
1169 5137 1407 5209 terminationes
1420 5136 1567 5227 rariores,

133 5265 352 5359 appellationes
383 5264 523 5360 politicas
550 5273 583 5332 et
610 5264 755 5356 phrases,
791 5264 820 5334 in
856 5261 1044 5334 carminibus
1077 5268 1242 5358 po‘e‘tnrum
1276 5257 1565 5354 septentrionalium
