3717 5809
275 434 300 480 Χ
892 435 1070 485 samario.

277 598 478 688 grandaesum
493 605 524 665 et
537 605 660 666 ceteros
674 605 746 666 octo
759 602 881 691 politas,
902 599 955 692 qni
968 599 1153 694 Epsteinnm
1166 599 1299 692 Belinm,
1315 601 1486 670 Svecorum
1500 618 1623 688 regern,
1637 619 1713 666 car·

276 719 410 791 minibus
430 716 609 791 celebrasse
630 718 796 790 traduntur
807 718 964 813 (llldbius.
986 723 1155 816 catalogus
1169 723 1320 793 librorum
1334 720 1560 793 lslandicorum
1574 729 1607 790 et
1622 722 1711 789 Nor-

276 844 454 937 vegiaorum
480 843 579 911 astatis
605 840 728 913 mediae.
780 845 866 939 Lips.
896 843 1001 918 1856.
1028 844 1102 919 8ro.
1131 871 1161 941 p.
1193 845 1290 934 169).
1316 884 1365 897 -
1394 845 1542 916 Snorrins
1563 845 1713 913 Sturlaens

277 968 307 1036 in
336 963 516 1061 praelatione
545 965 789 1060 Heimslrringlae
815 966 911 1038 dicit:
945 969 1060 1064 „Apud
1085 969 1260 1040 Haraldum
1286 965 1586 1063 (pulchriaomum)
1611 972 1714 1062 politae

277 1090 419 1180 luserunt,
446 1111 585 1183 quorum
612 1090 748 1159 carmina
777 1091 891 1161 nostris
916 1090 1113 1188 temporibus
1140 1116 1184 1163 er
1211 1094 1402 1163 memoria
1428 1098 1713 1177 recensentur,

277 1209 541 1306 quemadmodum
556 1213 649 1283 etiarn
671 1219 852 1307 poemata
872 1213 917 1285 de
939 1214 1123 1286 omnibus
1149 1217 1198 1286 iis
1217 1216 1404 1309 regibus,
1431 1215 1484 1311 qui
1512 1226 1603 1309 post
1629 1234 1714 1282 eum

277 1337 313 1406 in
333 1335 532 1427 Noraegia
551 1348 789 1428 regnarunt,
816 1359 852 1406 es
877 1338 923 1408 bis
945 1339 1145 1430 carminibus,
1168 1340 1204 1409 iis
1226 1340 1411 1433 prasertim,
1439 1360 1509 1433 quas
1536 1338 1565 1406 in
1586 1343 1714 1430 aspectu

277 1459 415 1553 ipsoram
428 1458 599 1553 principum
612 1470 664 1530 aut
676 1482 786 1529 eornm
799 1459 934 1531 filiorum
948 1460 1111 1533 decantata
1126 1474 1210 1555 sunt,
1225 1463 1405 1557 gravissima
1418 1469 1602 1555 argumente
1617 1457 1715 1529 nostri

278 1582 381 1676 aperis
390 1581 560 1673 hausimus,
575 1580 691 1673 omnia,
706 1583 829 1677 quaeda
844 1584 1096 1679 expeditionibus
1111 1610 1220 1658 eorum
1234 1597 1267 1658 et
1281 1586 1394 1680 preliis
1408 1585 1450 1655 ibi
1465 1582 1642 1673 traduntur,
1658 1602 1716 1675 pro

279 1729 352 1775 roro
366 1704 571 1799 accipientes”
585 1702 612 1775 ¹.
652 1704 900 1802 (lleimslrringlu
915 1712 972 1778 ede
984 1712 1108 1803 Noregs
1124 1711 1270 1805 kuninga
1292 1715 1391 1803 siignr
1412 1710 1446 1779 ol
1455 1711 1571 1780 Snorra
1586 1704 1717 1777 Sturlu-

279 1829 356 1923 syni.
371 1828 422 1899 ed.
438 1828 531 1899 Haln.
548 1828 642 1902 1777
655 1854 745 1925 sequ.
762 1831 813 1902 lol.
827 1856 856 1921 1,
872 1830 922 1923 2).
956 1834 1086 1904 Certum
1100 1844 1148 1904 est
1162 1833 1265 1926 igitur,
1280 1844 1425 1904 auctores
1439 1831 1608 1903 lslandious
1621 1827 1718 1898 seculi

280 1953 361 2022 tertii
384 1951 493 2021 decimi
520 1955 733 2049 antiquissima
757 1958 906 2042 carmina,
935 1966 1085 2050 quaetum
1107 1936 1257 2027 memorio
1286 1957 1486 2047 tenebuntur,
1513 1953 1552 2025 ad
1574 1965 1717 2047 tempora

279 2075 431 2168 Ragnaris
446 2075 592 2169 lobbrdlr,
606 2078 670 2148 sive
684 2078 976 2150 seculumoctavum
986 2103 1015 2173 p.
1027 2080 1100 2151 Chr.
1114 2081 1270 2151 retulisse.
1286 2082 1398 2175 Neque
1412 2079 1513 2149 minas
1527 2086 1716 2168 certumost,

279 2222 319 2269 ne
344 2223 441 2269 unurn
468 2199 594 2295 quidem
621 2224 764 2291 versum,
799 2201 856 2271 nisi
883 2202 937 2296 qui
963 2213 1017 2272 ant
1043 2203 1072 2272 in
1099 2203 1352 2296 inscriptionibus
1380 2203 1507 2274 Runicis
1534 2211 1715 2291 occurrant,

280 2323 458 2393 autetiam
490 2325 573 2417 opud
606 2326 761 2396 Saxonem
796 2347 944 2395 sermone
970 2325 1083 2396 Latino
1116 2326 1245 2396 involuti
1273 2336 1305 2396 et
1339 2327 1483 2421 implicati
1510 2324 1717 2408 inveniantur,

279 2443 319 2515 ad
343 2457 448 2516 nostra
475 2455 617 2541 tempora
644 2449 822 2541 pervenisse
848 2459 962 2545 prater
983 2471 1049 2540 eos,
1077 2471 1157 2545 quos
1177 2450 1289 2520 lslandi
1311 2448 1401 2520 nobis
1422 2458 1594 2540 semarunt,
1619 2468 1720 2542 quare

279 2591 389 2639 eorurn
415 2569 629 2640 testimonium
655 2570 694 2642 de
723 2572 780 2643 bno
805 2595 840 2644 re
866 2572 1083 2664 gravissimum
1110 2584 1169 2642 ast.

428 2696 499 2765 Non
527 2695 625 2766 latere
651 2705 757 2791 potest
782 2718 856 2788 eos,
883 2696 937 2791 qui
963 2695 1059 2766 libros
1086 2695 1250 2767 historicos
1278 2707 1310 2766 et
1337 2698 1530 2766 literaturam
1557 2693 1717 2788 antiquam

281 2817 557 2913 septentrionalem
571 2819 745 2891 accuratius
758 2830 984 2914 cognorerunt,
1012 2829 1127 2917 quanta
1140 2820 1254 2891 oobors
1275 2826 1451 2914 poetarum,
1478 2817 1499 2887 i.
1513 2843 1543 2887 a.
1557 2817 1720 2888 bominum

282 2965 339 3038 pro
373 2942 522 3037 temporis
554 2941 676 3013 ratione
709 2945 922 3035 literatomm,
963 2944 1070 3015 seculo
1103 2943 1267 3014 undecimo
1301 2954 1333 3012 et
1368 2952 1476 3037 postea
1511 2965 1548 3011 er
1587 2937 1720 3011 lslondia

281 3066 424 3157 uenerit,
462 3075 578 3161 quanta
604 3066 698 3139 luerit
722 3068 811 3164 capia
836 3067 1009 3138 carminum
1034 3067 1110 3137 rarii
1136 3067 1282 3161 generis,
1309 3089 1381 3163 quaa
1406 3089 1443 3135 cr
1471 3066 1604 3135 marimo
1630 3073 1721 3157 parte

281 3212 338 3285 per
364 3188 562 3262 traditionem
589 3192 708 3262 orclem
734 3191 774 3263 ab
807 3214 869 3261 una
900 3191 1108 3284 generatione
1134 3190 1174 3262 ad
1200 3191 1330 3262 alteram
1359 3189 1519 3261 transiisse
1545 3187 1720 3257 videantur.

283 3315 316 3383 ln
343 3313 401 3385 buo
426 3337 462 3385 re
487 3314 627 3385 Historia
654 3314 787 3387 Haraldi
813 3314 931 3403 severi,
965 3315 1133 3408 Noraegiae
1158 3314 1262 3406 regis,
1297 3312 1462 3406 egregium
1489 3310 1579 3382 nobis
1606 3331 1720 3379 erem·

282 3437 368 3532 plum
394 3436 551 3532 nepueu
578 3440 676 3510 Stnvo
702 3461 789 3509 ooeco
814 3435 952 3528 tradidit,
980 3438 1032 3532 qui
1058 3461 1156 3534 quum
1179 3437 1208 3507 in
1230 3436 1378 3533 Uptandis
1405 3437 1434 3506 in
1454 3434 1610 3528 Norsegia
1638 3430 1720 3527 apud

283 3563 430 3633 colonum
456 3561 612 3657 quendam
638 3562 774 3656 bospitio
801 3563 976 3652 lroeretur,
1004 3561 1071 3654 regi
1098 3559 1256 3651 Haraldo,
1297 3559 1380 3656 apud
1408 3557 1546 3631 eundem
1572 3557 1720 3628 colonum

284 3685 467 3781 hospitanti,
507 3686 727 3757 oblectamenti
759 3708 851 3756 cansa
885 3683 1020 3755 carmina
1053 3682 1203 3754 recitarit.
1280 3685 1329 3755 lle
1357 3683 1515 3778 colloquio
1542 3703 1652 3751 eornm
1679 3680 1721 3749 ita

284 3820 450 3880 narratur:
503 3813 589 3905 „Res
615 3808 668 3879 diu
695 3809 846 3904 vigilavit,
874 3811 971 3881 Stura
997 3810 1116 3878 interca
1142 3806 1331 3877 carminibus
1358 3806 1556 3897 oblectante3
1595 3800 1740 3875 tandem.

281 3954 335 4002 rer
363 3932 452 4004 infit:
480 3952 569 4033 ,quot
589 3938 654 4032 jam
681 3933 816 4005 carmina
842 3926 1228 4004 cecinistis-samus:
1256 3931 1332 4021 ,baro
1352 3930 1408 4001 tibi
1428 3926 1621 4000 numeranda
1642 3925 1722 3995 reli·

282 4054 585 4151 queram'.-llex:
613 4086 685 4158 ,ago
699 4079 827 4156 quoque
840 4055 1013 4145 numerari,
1029 4064 1124 4149 atque
1138 4078 1238 4125 nunc
1252 4054 1424 4146 triginta
1439 4063 1551 4142 sunr3
1579 4052 1635 4146 qul
1649 4072 1722 4118 vero

284 4180 790 4257 interraneorumbreviant
805 4180 929 4250 nullane
943 4188 1033 4248 tenes
1047 4176 1164 4269 majora
1178 4177 1359 4248 intercalata
1367 4173 1594 4248 2’-Stnsus:
1610 4173 1722 4270 ,baud

284 4308 474 4400 pauciora
494 4319 532 4378 te
543 4332 615 4379 neo
630 4308 747 4401 majora
762 4303 958 4390 intercalata,
973 4324 1066 4394 quarn
1081 4298 1224 4369 breviora
1239 4323 1300 4371 non
1315 4300 1505 4390 intercalata,
1521 4309 1554 4368 et
1566 4307 1669 4367 tomen
1684 4319 1721 4364 cr

285 4428 332 4498 lais
345 4430 440 4501 multo
450 4443 533 4524 sunt,
548 4455 618 4526 quta
632 4429 769 4502 nondum
784 4425 902 4500 cecini)
921 4427 1006 4496 lien:
1036 4424 1070 4514 ,si
1085 4424 1152 4494 luae
1166 4423 1206 4492 ita
1221 4434 1304 4513 sunt,
1319 4424 1431 4493 mirum
1446 4432 1593 4516 qnantum
1606 4418 1724 4490 habero

285 4552 402 4623 debens
430 4555 568 4625 notitiam
601 4558 790 4642 carminum3
830 4573 925 4647 qoem
952 4570 1025 4618 vero
1053 4545 1219 4617 recitandis
1239 4545 1428 4616 carminibus
1455 4541 1627 4635 majoribus
1659 4540 1724 4610 ob·

285 4677 399 4747 lecturo
425 4679 561 4772 cogitas,
589 4676 742 4773 siquidem
769 4676 842 4747 mibi
869 4677 936 4746 sala
963 4671 1075 4741 recitas
1103 4668 1286 4741 breuiorat’
1312 4707 1360 4718 -
1387 4670 1443 4763 6Το
1469 4661 1596 4760 ipsum’,
1622 4662 1725 4758 inquit

286 4803 411 4871 Stuvus.
488 4805 579 4873 lica:
637 4800 821 4896 ,qnando‘l’
859 4840 909 4851 ω-
948 4802 1083 4870 Sturus:
1136 4819 1251 4892 ,quum
1292 4792 1432 4887 proxime
1472 4782 1724 4859 conveniemus’.

318 5053 422 5120 ¹,ntea
442 5052 549 5105 llaraldi
570 5067 633 5104 rara
652 5050 747 5110 satta,
777 5051 810 5102 ok
834 5050 945 5101 kanna
969 5065 1055 5100 maon
1081 5063 1137 5098 ena
1162 5044 1245 5098 baudi
1263 5039 1368 5114 peiren,
1398 5043 1431 5092 alr
1458 5040 1545 5090 altra
1568 5037 1725 5101 toringa

286 5149 370 5200 krvudi
397 5144 486 5219 prirru
510 5163 539 5199 cr·
561 5145 656 5196 alban
681 5145 760 5196 hala
785 5142 871 5196 verit
893 5149 921 5193 at
944 5140 1058 5207 Norrgi,
1083 5142 1117 5193 alr
1137 5141 1226 5193 tubum
1252 5137 1299 5188 vir
1324 5132 1378 5207 par
1402 5139 1468 5186 mast
1486 5130 1557 5183 domi
1577 5131 1608 5180 al
1621 5125 1679 5200 pal,
1698 5145 1727 5179 er

285 5248 346 5309 aagt
369 5257 397 5293 nr
420 5242 430 5291 l
453 5239 520 5314 prim
543 5238 675 5297 bandum.
707 5254 736 5289 cr·
757 5236 852 5290 lsrallin
875 5251 940 5288 coru
963 5234 1033 5303 syrie
1055 5233 1164 5296 sidilum
1188 5230 1400 5294 nominamini,
1432 5227 1480 5279 eda
1507 5240 1598 5276 sonum
1626 5218 1725 5291 peiren,

284 5338 371 5388 tttlrrrnr
391 5335 439 5386 vir
456 5334 501 5408 pat
519 5336 566 5386 allt
585 5332 653 5402 lyris
671 5337 741 5391 cett,
769 5349 796 5383 cr·
815 5331 822 5381 i
841 5327 909 5401 paim
934 5329 1051 5381 tratum
1073 5332 1150 5378 donst
1167 5343 1208 5377 um
1229 5323 1310 5404 lesbii
1329 5320 1417 5390 peiora
1439 5321 1486 5370 oda
1504 5316 1649 5368 or·rostur''.
