3717 5809
298 359 332 408 lv
920 361 1098 410 PRAEFATIO·

448 519 558 614 Sopito
584 519 680 613 bello,
707 520 793 617 quod
822 523 881 592 hoc
906 532 1050 617 tempore
1077 546 1134 618 per
1157 534 1256 594 totarn
1284 527 1444 619 Europam
1470 521 1622 620 flagravit,
1650 547 1732 596 anno

302 638 398 717 1814
423 668 468 713 ιν.
497 642 539 714 id.
567 644 746 737 Septembr.
772 643 848 737 (10.
876 643 1023 740 Septbr.)
1046 644 1173 717 tandem
1199 647 1366 719 lslandiam
1391 649 1534 745 reliquit,
1572 649 1732 721 universi-

298 778 396 838 tatem
420 766 625 837 Halniensem
651 776 782 862 petens,
816 765 870 837 ubi
903 768 1032 838 incunte
1065 791 1146 840 anno
1172 772 1315 865 sequenti
1342 796 1388 842 ιιι.
1414 771 1457 843 id.
1483 774 1614 843 lanuar.
1651 770 1731 865 (11.

297 893 416 961 lannar
446 888 557 983 1815)
582 890 693 962 civium
719 889 969 962 academicorum
997 914 1128 963 numero
1155 891 1330 988 adscriptus
1356 904 1416 988 est,
1444 895 1586 966 examine
1605 895 1731 966 Artium

298 1036 370 1084 eum
383 1013 516 1106 egregio
532 1037 679 1084 successu
707 1036 848 1085 emenso.
899 1012 1023 1085 Eodem
1051 1039 1132 1086 anno
1152 1016 1286 1087 examini
1306 1018 1731 1114 philologiae-philosophico

298 1160 343 1207 se.
359 1134 505 1229 subjecit,
532 1147 565 1207 et
591 1134 662 1206 inde
688 1134 868 1207 laudabilis
895 1147 928 1207 et
953 1136 1083 1232 publico
1109 1140 1251 1209 encomio
1278 1150 1407 1212 ornatus
1433 1141 1587 1212 discessit.
1639 1144 1732 1213 Auno

301 1257 413 1349 1819,
452 1257 503 1330 die
536 1284 582 1330 nr.
616 1260 658 1330 id.
691 1262 821 1332 lanuur.
867 1258 944 1352 (11.
969 1260 1105 1354 ianuar)
1136 1284 1266 1333 examen
1301 1265 1514 1359 theologicum
1547 1263 1660 1356 subiit,
1699 1277 1733 1336 ct

297 1379 480 1452 Laudabilis
503 1381 661 1474 judicatus
688 1395 747 1454 est.

444 1505 567 1576 Accidit
580 1507 638 1577 hoc
653 1517 807 1601 ternpore,
833 1506 919 1601 quod
935 1531 1014 1578 unus
1029 1531 1066 1577 er
1083 1509 1328 1604 preceptoribus
1349 1511 1464 1581 sclrolae
1476 1512 1731 1583 Bessastadensis

296 1627 487 1699 infortunato
520 1652 595 1700 casu
634 1630 664 1699 in
696 1631 807 1701 itinere
840 1630 985 1700 Halniam
1013 1640 1122 1724 petens
1155 1632 1245 1702 undis
1278 1632 1463 1704 submersus
1498 1635 1616 1724 luerat,
1668 1660 1733 1731 quo

296 1750 378 1822 lucto
411 1750 479 1843 ejus
511 1752 599 1823 locus
633 1775 690 1847 per
721 1752 879 1846 integrum
913 1777 1029 1823 annum
1064 1754 1112 1824 rel
1146 1755 1214 1848 plus
1249 1779 1365 1827 racuus
1398 1757 1524 1828 relictus
1552 1767 1610 1828 est.
1663 1761 1733 1828 Hoc

296 1896 412 1944 munus
439 1873 497 1945 sibi
524 1874 620 1969 elegit
646 1874 832 1969 Sreinbjtirn
852 1876 1025 1970 »Egilssom
1052 1888 1085 1947 et
1111 1877 1217 1947 literas
1242 1880 1412 1950 vocationis
1446 1906 1489 1951 vr.
1524 1882 1582 1951 cal.
1617 1883 1733 1976 Aprilis

294 1994 372 2090 (27.
398 1997 521 2091 Martii)
549 1999 643 2072 1819
668 1999 799 2094 accepit.
850 1998 975 2070 Eodem
1001 2023 1084 2071 anno
1110 2000 1241 2094 patriam
1266 2003 1382 2096 revisit,
1411 2014 1443 2074 et
1469 2002 1583 2075 deinde
1609 2004 1734 2097 collega

297 2120 418 2192 Schola
449 2122 703 2193 Bessastadensis
742 2121 816 2215 luit,
866 2146 967 2218 usquc
999 2123 1074 2193 dum
1102 2124 1195 2217 jussu
1227 2125 1334 2219 regio,
1374 2127 1478 2197 schola
1510 2125 1733 2221 Repljarilram

296 2243 460 2335 translata,
488 2244 591 2315 eidem
617 2255 723 2316 rector
747 2244 935 2340 prepositus
961 2259 1011 2316 cst
1036 2273 1069 2317 v.
1097 2248 1157 2318 col.
1178 2249 1253 2342 ldaj.
1279 2246 1356 2340 (27.
1383 2247 1488 2344 April)
1517 2245 1621 2321 1846.
1673 2254 1735 2321 Per

296 2367 436 2462 quinque
462 2389 559 2438 annos
586 2369 699 2440 schole
725 2369 865 2462 praeluit,
900 2367 1000 2440 donec
1026 2394 1044 2440 a
1069 2370 1191 2442 calend.
1216 2371 1308 2443 luliis
1338 2371 1428 2445 1851
1464 2373 1563 2443 otium
1589 2396 1735 2467 quarens

297 2488 436 2560 officinm
468 2489 625 2584 deposuit,
652 2501 685 2561 et
710 2493 809 2585 gratia
835 2493 919 2586 regis
946 2492 1210 2587 dispensationem
1237 2518 1308 2566 curn
1329 2518 1431 2566 annun
1451 2495 1581 2590 pecunia
1601 2495 1736 2566 obtinuit

295 2610 373 2705 (15.
386 2613 462 2684 luni
478 2611 601 2706 1851).
641 2614 775 2685 Posthac
800 2615 874 2686 solis
901 2615 997 2686 literis
1023 2616 1115 2706 ririt3
1141 2618 1198 2689 sed
1224 2643 1299 2714 spes
1325 2628 1443 2708 nostra,
1470 2641 1543 2688 enm
1563 2620 1622 2689 hoe
1640 2618 1736 2689 modo

213 2827 219 2836 ι
297 2735 349 2806 diu
375 2736 457 2807 inter
481 2760 538 2807 nos
569 2738 746 2831 victurum,
784 2761 861 2808 rana
886 2739 968 2833 luit,
1007 2764 1105 2836 quum
1131 2742 1280 2834 morbus,
1321 2742 1421 2837 primo
1447 2752 1576 2835 aspectu
1602 2741 1678 2811 levis
1704 2754 1737 2811 et

296 2860 381 2955 parri
407 2859 576 2951 momenti,
603 2871 713 2956 postea
740 2862 841 2956 gravis
868 2872 901 2932 et
933 2863 1142 2956 pemiciosns,
1169 2888 1284 2961 corpus
1320 2863 1448 2957 subegit
1480 2874 1512 2934 et
1537 2864 1607 2934 vitm
1640 2864 1736 2934 tinem

297 2983 371 3055 lecit
395 2983 446 3056 die
471 3009 544 3054 xvr.
570 2984 629 3055 cal.
644 2985 823 3082 Septembr.
849 2983 926 3077 (17.
955 2986 1096 3081 August)
1125 2986 1230 3062 t852.
1283 2991 1421 3061 Uxorem
1447 2987 1575 3081 reliquit
1599 2987 1735 3081 Helgam

296 3107 456 3179 Benedicti
482 3107 623 3179 Grdndul
646 3105 693 3203 (†
722 3106 834 3202 1855)
859 3119 891 3179 et
917 3133 1029 3181 novem
1056 3110 1183 3182 liberos.

445 3232 554 3326 Opera
579 3230 732 3323 literaria,
759 3255 829 3326 quae
856 3231 1063 3325 Sreinbjlirno
1089 3235 1269 3325 Egilssonio
1295 3233 1461 3326 debemus,
1491 3234 1565 3305 satis
1591 3246 1737 3305 accurate

296 3363 480 3426 enumerata
506 3365 580 3426 sunt
604 3355 635 3426 iu
660 3355 778 3426 Lexico
802 3353 1050 3450 bibliographico
1075 3357 1208 3427 Erslevii
1233 3355 1312 3450 (Th.
1339 3359 1383 3427 H.
1409 3358 1529 3428 Erslew
1556 3357 1736 3429 Forlatter-

296 3478 436 3549 Lericon
449 3488 482 3549 et
495 3477 597 3571 ejusd.
612 3479 872 3575 supplementum
886 3504 912 3571 t,
940 3475 1137 3572 too-402),
1165 3490 1198 3548 et
1210 3480 1241 3548 in
1257 3479 1316 3549 rita
1332 3479 1412 3572 ejus,
1428 3483 1540 3552 aJonu
1557 3482 1737 3551 Arnasonio

296 3598 375 3693 (ldn
389 3582 562 3695 Arnason),
589 3601 655 3672 viro
669 3599 849 3672 doctissimo
863 3612 896 3672 et
907 3602 1085 3695 Egilssonio
1106 3603 1215 3672 intima
1236 3602 1441 3674 familiaritate
1459 3602 1581 3697 juncto,
1609 3604 1736 3697 scripta,

298 3746 369 3819 quae
394 3723 522 3795 editioni
547 3725 739 3819 scriptorum
763 3722 954 3818 Egilssonii¹
991 3735 1069 3796 tom.
1096 3750 1143 3818 n,
1170 3725 1276 3820 elligie
1309 3725 1378 3818 ejus
1410 3749 1538 3822 quoque
1572 3725 1736 3820 illustrata,

299 3845 457 3941 premissa
483 3856 542 3940 est,
570 3846 610 3917 ad
635 3871 715 3944 quos
741 3847 837 3940 igitur
861 3848 958 3919 libros
979 3848 1129 3919 lectorem
1150 3847 1346 3942 ablegamus.
1387 3850 1492 3920 Unum
1506 3859 1611 3920 tanam
1626 3872 1737 3920 eorum

298 3993 399 4064 genus
425 3978 493 4061 cst,
520 3968 606 4066 quod
630 3969 670 4041 ad
695 3970 832 4064 linguam
859 3983 891 4042 et
915 3971 1116 4068 antiquitates
1142 3971 1400 4067 septentrionales
1426 3971 1580 4065 pertinet,
1607 3971 1647 4043 de
1673 3996 1738 4069 qno

298 4091 389 4164 nobis
414 4091 553 4162 breviter
578 4090 795 4165 disserendum
822 4118 893 4167 esse
919 4092 1054 4166 videtur.

447 4216 580 4309 Omnes,
607 4217 660 4313 qui
686 4216 726 4288 de
752 4218 850 4290 literis
863 4217 1035 4309 lslandicis,
1062 4226 1096 4288 et
1119 4216 1258 4312 inprimis
1285 4216 1324 4288 de
1352 4218 1457 4290 studio
1476 4218 1613 4291 literario
1631 4219 1737 4290 lslan-

299 4335 430 4430 dorum,
470 4338 586 4434 aliquid
622 4339 740 4411 notitiae
776 4341 912 4435 lrabeat,
951 4340 1034 4412 bene
1067 4339 1188 4433 sciunt,
1227 4340 1282 4412 lras
1309 4341 1471 4413 literaria
1504 4341 1642 4413 lslandia
1674 4353 1737 4412 tarn

299 4459 486 4532 domesticas
514 4484 585 4533 asse
611 4473 644 4532 et
668 4474 847 4557 consuetus,
873 4477 910 4535 ut
936 4464 1062 4560 proprie
1088 4462 1148 4533 dici
1176 4462 1275 4558 possit
1294 4464 1452 4536 neminem
1474 4465 1635 4537 lslandum
1655 4487 1739 4557 esse,

299 4584 326 4655 si
344 4581 384 4654 de
403 4583 502 4655 literis
522 4585 638 4681 aliquid
657 4587 839 4680 gustaverit,
866 4588 941 4684 quin
961 4585 1058 4659 libros
1079 4598 1214 4679 veteres,
1242 4589 1341 4681 Sages
1362 4598 1396 4658 et
1415 4586 1536 4680 Eddas,
1562 4588 1594 4659 in
1619 4597 1741 4659 tantum

299 4708 347 4778 rel
373 4707 404 4778 in
430 4716 531 4778 totum
558 4709 681 4803 legerit,
708 4709 748 4779 de
775 4710 862 4804 poesi
888 4710 1138 4806 septentrionali,
1166 4709 1234 4803 ejus
1254 4709 1379 4804 legibus
1400 4710 1537 4783 matricis
1561 4721 1595 4783 et
1614 4708 1742 4806 speciali

298 4828 406 4903 indole
430 4828 549 4926 aliquid
576 4830 871 4927 comprehenderit,
903 4834 952 4904 rel
979 4833 1033 4928 qni
1058 4833 1199 4926 rigorem
1225 4833 1295 4926 ejus
1321 4843 1354 4905 et
1379 4834 1554 4908 mirabilem
1580 4832 1738 4930 quandam

337 5157 345 5186 ¹
370 5156 416 5210 Bit
434 5156 622 5222 sveinllrrrror
646 5157 813 5227 Egilmoerr,
834 5161 950 5213 llelrtors
975 5177 1010 5225 ος
1030 5161 1076 5213 Dr.
1095 5160 1249 5228 dissologia.
1261 5187 1293 5198 -
1312 5161 1442 5230 Raphiae.
1464 5160 1644 5215 tato-tuae.
1665 5160 1742 5222 l-8,

298 5251 371 5320 ltro,
389 5263 443 5320 qun
462 5249 540 5304 editio
558 5266 614 5306 aon
632 5252 753 5307 absolut·
770 5257 818 5307 est.
