3717 5809
723 448 900 495 PRAEFATIO.
1494 451 1558 496 ΧΧΙ

307 608 429 701 Bringr
454 609 495 679 olr
523 606 669 698 Hdlldan,
868 608 889 677 i.
917 631 946 677 e.
997 608 1139 702 Hringus
1167 619 1201 680 et
1225 608 1428 680 Hulldauus¹

314 731 435 801 hanlrar
466 730 566 821 banis,
996 732 1051 801 siri
1078 733 1199 826 egregii
1227 732 1333 826 ambo,

311 854 403 926 rettir
426 852 582 924 ddnrendr
995 854 1071 946 justi
1093 856 1216 948 judices

175 1017 183 1038 ·
304 981 396 1048 Dana
421 975 549 1072 pjddar.
986 981 1189 1050 Danorum
1216 982 1329 1074 gentis.

118 1214 207 1286 quum
232 1202 339 1260 tarum
366 1214 475 1262 resera
508 1193 540 1262 in
572 1191 729 1284 Noruegia
763 1191 858 1262 luisse
891 1214 1022 1262 necesse
1056 1192 1113 1281 sit3
1153 1205 1186 1264 et
1212 1194 1345 1264 sortasse
1372 1193 1455 1288 opud
1481 1194 1558 1287 Sig-

119 1314 241 1385 lrrrturn
267 1313 402 1406 (10183
442 1295 531 1386 Olals
557 1339 583 1386 s.
611 1315 703 1409 lielga
729 1339 757 1386 o.
785 1315 849 1388 70:
876 1317 1006 1387 Forum.
1033 1340 1059 1387 s.
1081 1341 1128 1407 ιν,
1161 1313 1263 1410 136),
1290 1317 1346 1388 ubi
1379 1315 1419 1387 de
1446 1318 1556 1388 itinere

119 1460 172 1507 suo
197 1463 235 1509 er
262 1438 421 1531 Nomegia
449 1439 480 1509 iu
509 1439 656 1510 Gothiem
683 1439 813 1510 cecinit:

117 1650 164 1720 ut
187 1672 223 1719 er
249 1652 319 1745 put,
347 1674 383 1720 er
408 1650 520 1722 blullrr
546 1674 599 1721 um
625 1650 721 1721 uelli
854 1651 874 1721 i.
903 1675 933 1721 e.
985 1653 1079 1721 Nunc
1104 1661 1169 1734 est,
1203 1662 1239 1721 ut
1270 1674 1322 1721 me
1348 1652 1429 1722 ierat
1454 1674 1555 1746 equus

118 1772 185 1843 berr
209 1773 275 1843 milr
300 1774 431 1844 Diuum
457 1774 543 1845 lerri.
984 1796 1042 1867 per
1067 1773 1184 1844 rivulos
1210 1775 1320 1869 procul
1346 1798 1364 1845 a
1390 1775 1524 1846 [lanis.

116 2014 161 2084 nh
187 2015 246 2084 hoc
278 2015 347 2109 ipso
378 2025 523 2110 tempore
555 2016 586 2085 in
611 2013 825 2085 monumentis
857 2009 1014 2083 interdum
1048 2025 1135 2084 recte
1169 2012 1347 2084 distinctum
1380 2015 1553 2085 invenimus

115 2137 193 2208 iuter
217 2138 352 2233 populos
379 2139 661 2234 septentrionales,
700 2134 859 2207 interdum
894 2136 987 2206 etiam
1022 2160 1132 2208 omnes
1158 2161 1222 2208 uno
1249 2138 1375 2208 nomine
1401 2160 1553 2234 compre-

114 2260 241 2352 hensos,
281 2285 380 2356 quum
419 2262 533 2357 saepius
571 2260 776 2334 Nortlrmanni
816 2260 863 2330 rel
889 2259 995 2330 Norici
1040 2272 1204 2331 vocantur.
1268 2261 1413 2354 Exempli
1451 2262 1552 2355 gratia

114 2383 275 2454 afferemus
301 2386 424 2455 Bullam
450 2385 612 2456 Benedicti
639 2407 728 2479 papae
754 2407 844 2474 vrso,
872 2377 914 2453 de
941 2407 1050 2454 meuse
1076 2385 1175 2479 Aprili
1205 2382 1319 2476 1022,
1360 2408 1420 2480 qua
1459 2387 1551 2457 Une-

113 2529 207 2576 ranno
232 2507 468 2600 [lemburgensi
502 2510 650 2604 episcopo
675 2507 887 2600 “legationem
914 2518 947 2577 et
973 2507 1269 2602 archiepiscopalem
1302 2519 1494 2602 potestatem
1520 2508 1551 2580 iu

112 2631 210 2700 omnia
247 2654 346 2723 regna
387 2633 660 2726 septentrionalis,
700 2635 862 2702 llanorurn
901 2631 1037 2723 scilicet,
1078 2633 1275 2721 Suenorum,
1315 2632 1550 2724 Norueuorum,

112 2752 372 2842 Hislandicorum‚
401 2765 434 2825 et
459 2756 597 2826 omnium
624 2756 796 2826 insularum
822 2756 869 2826 liis
895 2755 1001 2847 regnis
1028 2750 1256 2846 adjacentium”
1282 2753 1427 2825 concedit
1444 2754 1551 2850 (Lap-

111 2874 259 2969 penberg.
284 2877 464 2971 Hamburg.
493 2877 701 2951 Urlundenb.
728 2882 767 2971 l,
807 2880 865 2949 Nr.
892 2904 991 2968 cxiv,
1027 2904 1057 2973 p.
1084 2877 1150 2967 663
1189 2879 1396 2972 Diplomatur.
1434 2878 1549 2949 lslnnd.

111 2999 134 3085 l,
158 3001 215 3069 Nr.
244 2996 302 3092 14,
331 3025 363 3095 p.
389 3000 566 3096 51—53).
631 3002 727 3072 Simili
753 3001 849 3073 modo
876 3003 924 3072 lex
958 3002 1175 3096 antiquissima
1202 3002 1400 3072 lslaudorum
1427 3004 1549 3094 Grdgls

109 3118 259 3216 [Vigslddi
286 3148 315 3193 c.
341 3122 407 3218 37)
438 3126 602 3197 manifeste
634 3126 796 3219 distinguit
826 3126 909 3196 inter
940 3124 1096 3217 Dauslrir,
1124 3124 1283 3215 Soenslsir,
1322 3126 1487 3197 Norroeuir
1518 3136 1552 3196 et

110 3223 298 3340 lslendingar
322 3247 405 3340 (ver,
434 3249 454 3318 i.
476 3273 506 3320 e.
533 3274 602 3341 nos,
630 3250 725 3320 scilic.
752 3228 976 3342 lsleudingur).
1015 3247 1178 3319 interdum
1204 3258 1310 3319 autem
1337 3249 1396 3319 sub
1422 3248 1550 3318 nomine

110 3367 285 3439 Nordmenn
325 3394 435 3441 omnes
476 3373 582 3468 populi
622 3373 882 3468 septentrionales
924 3373 1246 3468 comprehenduntur,
1286 3371 1426 3467 inprimis
1466 3370 1550 3466 opud

18 3541 19 3556 r
109 3490 270 3584 scriptores
296 3505 445 3565 externos
470 3494 558 3588 (vide
585 3497 662 3567 inira
690 3521 721 3589 p.
748 3496 854 3589 xxx),
886 3497 949 3566 imo
976 3495 1059 3592 apud
1085 3508 1210 3568 nostros
1236 3495 1349 3589 saepius
1375 3495 1549 3565 invenimus

108 3613 242 3685 lslnndos
269 3616 300 3685 in
326 3617 385 3687 hac
410 3619 620 3713 appellatione
652 3618 875 3714 comprehendi
900 3605 1007 3711 (Oluls
1041 3644 1067 3690 s.
1095 3622 1270 3714 Trpggvas.
1296 3627 1425 3689 auctore
1452 3617 1548 3689 Oddo

108 3738 252 3808 monacho
277 3761 347 3833 cap.
374 3738 421 3812 53
430 3764 441 3831 3
468 3743 654 3834 Gunnlangs
680 3767 706 3814 s.
733 3766 761 3813 c.
788 3767 852 3835 vu3
877 3745 1006 3818 Forum.
1032 3767 1058 3813 s.
1085 3769 1121 3834 v,
1149 3744 1188 3831 63
1221 3745 1324 3814 Grett.
1351 3765 1377 3812 s.
1404 3764 1473 3837 cap.
1498 3740 1547 3814 89

106 3855 204 3952 (9103
230 3863 329 3933 Sturl.
356 3890 390 3956 v,
421 3862 487 3954 15;
512 3864 715 3936 Fdstbraedra
741 3891 768 3937 s.
795 3865 894 3959 (init,
922 3890 960 3936 er
987 3867 1095 3937 codice
1121 3862 1371 3960 Flatepjurbdlr).

247 3985 365 4070 Quoad
391 4011 506 4059 nomen
534 3989 650 4081 lingue
676 3988 759 4061 idem
786 3991 852 4061 lere
879 4014 916 4061 ac
942 3991 972 4061 in
1000 3992 1126 4060 nomine
1153 3992 1341 4086 populorum
1356 4011 1544 4082 progressus

107 4103 167 4175 fuit.
204 4108 300 4202 Apud
327 4116 439 4203 poetas
466 4111 667 4182 solummodo
693 4136 808 4183 nomen
834 4112 936 4184 diruslr
964 4110 1348 4207 tduga[lingua1)anica)
1373 4112 1544 4205 invenitur,

107 4250 138 4297 ea
173 4241 278 4302 tamen
316 4233 562 4328 significatione,
601 4247 638 4306 ut
670 4260 709 4307 co
736 4237 861 4307 nomine
888 4236 1065 4307 indicentur
1090 4250 1183 4307 terrm
1209 4237 1257 4308 vel
1282 4235 1449 4329 regiones,
1490 4232 1544 4304 ubi

18 4397 19 4412 η
106 4348 165 4421 lec
190 4353 295 4448 lingua
322 4356 431 4448 riguit.
483 4360 599 4455 Neque
623 4360 801 4431 testimonia
829 4360 912 4454 apud
939 4373 1065 4432 exteros
1091 4371 1127 4431 ut
1152 4359 1237 4454 apud
1264 4370 1388 4429 nostros
1415 4358 1541 4449 desunt,

18 4477 19 4526 ἓ
105 4487 289 4572 queaperte
310 4478 459 4574 iudicent,
485 4482 623 4575 linguam
649 4484 846 4553 vernaculam
873 4484 957 4578 apud
983 4507 1094 4553 omnes
1120 4482 1382 4577 septentrionales
1408 4481 1542 4576 populos

104 4598 226 4671 endem
255 4601 362 4673 luisse.
414 4603 476 4676 Sed
504 4605 590 4696 neo,
624 4630 662 4676 er
689 4618 794 4677 nostra
822 4606 951 4702 quidem
977 4606 1149 4697 sententio,
1183 4629 1246 4676 non
1272 4606 1314 4676 ita
1340 4603 1541 4695 intelligenda

103 4732 188 4814 snut,
228 4726 319 4819 qussi
358 4749 415 4821 per
452 4726 509 4798 has
548 4752 658 4800 omnes
684 4731 832 4823 regiones
859 4740 945 4800 tanta
973 4730 1084 4801 luisset
1109 4729 1306 4800 unilormitas
1332 4727 1466 4820 linguae,
1505 4736 1541 4796 ut

102 4845 213 4916 nullum
239 4848 369 4918 omuino
396 4847 562 4921 discrimen
589 4852 700 4923 luisset
726 4853 951 4944 dialectorum,
991 4876 1099 4923 venum
1131 4852 1192 4941 ita,
1231 4862 1267 4923 ut
1298 4852 1331 4921 in
1357 4851 1537 4921 universum

103 4962 153 5037 dici
178 4971 277 5064 possit
303 4972 440 5066 linguam
467 4973 578 5044 nomm
605 4976 745 5046 omnium
773 4977 960 5071 populorum
987 4975 1119 5047 eundern
1147 4976 1256 5067 luisse,
1283 4973 1395 5045 iisdem
1416 4971 1539 5064 legibus

103 5085 128 5158 in
140 5115 283 5165 sermone
297 5093 449 5188 fingendo
463 5106 495 5167 et
508 5098 726 5193 componendo
739 5097 888 5169 directam
903 5122 986 5169 esse.
1023 5099 1073 5169 Ad
1087 5121 1155 5169 rem
1168 5099 1267 5193 ipsarn
1283 5098 1424 5190 exempla
1439 5116 1537 5190 pauca

130 5255 138 5286 ¹
170 5264 305 5317 noudum
324 5263 619 5328 dementarentur
634 5266 764 5319 uttrdrnr
783 5266 873 5335 (qussi
890 5287 924 5311 r:
943 5264 1164 5330 semi-DanusJa
1218 5282 1265 5317 suc
1303 5280 1430 5317 eneruem
1495 5274 1510 5308 n

102 5349 230 5409 lentiorem
248 5356 361 5411 nominis
378 5363 440 5426 apte
456 5357 559 5410 reterri.
