3717 5809
266 413 318 463 Xll
890 415 1069 468 PRAEFA'HO·

265 577 385 647 Snorrii
412 578 553 670 slortei,
587 576 783 648 celeberrimi
809 576 966 665 historici,
992 576 1083 648 Edda
1109 576 1209 669 dicto,
1235 577 1407 667 inuenitur,
1433 575 1487 646 ubi
1513 577 1544 646 in
1570 577 1700 648 introitu

263 698 358 770 dicit:
410 701 510 792 “Cum
544 701 648 773 Odine
687 700 830 794 migravit
860 701 1020 794 llngvius,
1060 701 1113 796 qni
1152 709 1225 796 post
1254 723 1327 770 eum
1359 721 1494 793 reguum
1526 699 1557 769 in
1591 700 1701 772 Svecia

262 823 393 918 accepit,
420 847 437 894 a
464 848 527 920 quo
553 824 698 918 Ynglingi
726 834 799 894 sunt
825 825 896 894 orti.
949 825 1005 894 Asi
1032 847 1070 894 er
1097 822 1252 916 indigenis
1277 847 1393 894 uxores
1419 821 1589 915 duxerunt,
1616 821 1701 894 unde

263 970 432 1018 numerosa
466 948 632 1041 progenies
666 971 723 1043 per
755 948 921 1019 saxoniam
955 958 988 1017 et
1014 971 1070 1042 per
1095 945 1358 1040 septentrionales
1384 947 1533 1040 regiones
1558 944 1701 1041 dispersa

261 1068 329 1140 luit.
393 1071 547 1165 Lingua
580 1093 716 1142 eorum
748 1071 836 1141 solu
868 1094 939 1165 per
969 1071 1038 1141 bas
1070 1071 1266 1162 regiones
1292 1070 1439 1157 valuit,
1478 1081 1511 1140 et
1536 1070 1702 1165 perspicue

263 1193 396 1288 intelligi
436 1203 559 1290 potest,
598 1217 653 1265 eos
686 1194 747 1264 buc
777 1196 1025 1287 septentrionem
1058 1215 1167 1264 uersus
1206 1193 1235 1263 in
1268 1194 1459 1288 Norvegiam
1498 1204 1531 1264 et
1555 1194 1703 1285 Doniam,

262 1316 406 1387 Sveciam
433 1327 467 1388 et
492 1318 676 1410 Samnium,
702 1317 839 1409 linguam
866 1313 1046 1389 durisse”¹.
1090 1316 1224 1411 (Snorro
1250 1314 1353 1409 Eudo,
1381 1318 1432 1389 ed.
1459 1323 1500 1392 Α.
1526 1325 1635 1416 Magn.
1664 1350 1702 1415 n,

262 1438 351 1530 2533
377 1441 475 1512 conlr.
490 1466 514 1530 1,
540 1437 715 1533 28-31).
733 1440 888 1511 -Alter
912 1442 1000 1512 locus
1026 1453 1076 1511 est
1093 1441 1124 1511 in
1141 1440 1281 1512 Historia
1308 1439 1349 1511 de
1369 1442 1557 1540 Gunnlnugn
1582 1448 1703 1520 vermi·

265 1563 363 1656 lingui
396 1575 428 1634 et
452 1565 565 1636 Ralnio
597 1570 711 1659 poeta,
750 1563 803 1635 ubi
837 1562 877 1634 dc
910 1564 1105 1659 temporibus
1137 1563 1301 1636 Elbelrcdi
1333 1568 1417 1660 regis
1448 1566 1705 1664 (uta-1010)

263 1685 391 1758 dicitur:
427 1690 528 1784 “Tum
559 1687 590 1758 in
623 1688 736 1781 Anglia
768 1688 879 1759 endem
912 1689 1018 1780 lingua
1051 1688 1108 1758 luit
1141 1698 1236 1784 atque
1269 1689 1300 1759 in
1326 1692 1484 1784 Norregia
1523 1704 1556 1764 et
1580 1696 1703 1786 Dania3

261 1809 365 1902 lingua
391 1819 497 1881 autem
523 1821 641 1883 mutata
673 1821 723 1883 est
755 1835 852 1906 quum
877 1810 1051 1882 Vilhelmus
1087 1813 1202 1883 notbus
1228 1813 1373 1906 Angliam
1407 1814 1553 1909 subegit3
1592 1840 1630 1887 er
1663 1843 1704 1890 eo

261 1931 334 2004 inde
354 1943 497 2028 tempure
517 1935 621 2028 lingua
639 1935 746 2006 Velim
764 1936 795 2005 in
815 1936 926 2028 Anglia
954 1936 1061 2029 riguit,
1088 1937 1276 2030 quingenos
1297 1937 1366 2029 ejus
1387 1938 1458 2010 inde
1479 1938 1702 2012 ‹lucebntur’'⁹

260 2054 462 2150 (Gunnlaugs
483 2081 558 2150 saga
577 2081 645 2154 cap.
665 2082 744 2150 vn.;
771 2037 950 2151 lslendinga
971 2063 1069 2152 siigur
1088 2068 1164 2130 tom.
1183 2086 1206 2129 ιι
1219 2057 1361 2153 (1847),
1390 2085 1462 2157 pag.
1478 2060 1703 2159 tel-222).

261 2181 338 2249 Haec
364 2179 477 2251 eodem
503 2182 569 2252 lere
602 2181 697 2252 modo
727 2205 745 2250 a
779 2181 984 2277 scriptoribus
1018 2182 1115 2253 seculi
1147 2184 1250 2277 quarti
1283 2180 1396 2253 decimi
1429 2184 1615 2280 mabuntur,
1655 2189 1704 2260 bis

263 2303 382 2374 verbis:
421 2304 592 2400 “Origines
619 2305 758 2376 omnium
791 2305 991 2376 historiarum
1023 2306 1052 2375 in
1091 2305 1198 2398 lingua
1230 2307 1386 2377 Norroena
1418 2306 1703 2406 (septentrionali),

262 2449 371 2497 earnm
397 2449 468 2521 que
493 2449 545 2498 res
572 2450 660 2499 ieras
685 2438 832 2522 narrant,
859 2455 898 2500 er
923 2452 964 2501 eo
988 2441 1132 2524 tempore
1157 2430 1242 2499 initia
1269 2429 1406 2525 ducunt,
1445 2456 1509 2526 qun
1535 2434 1647 2505 Torcae
1672 2447 1705 2507 et

264 2549 373 2620 Asiani
399 2550 596 2646 aquilonares
622 2552 768 2645 regiones
794 2553 967 2625 inhabitare
992 2563 1177 2648 coeperunt.
1227 2556 1308 2625 Nam
1342 2579 1415 2626 vere
1448 2553 1561 2627 dicitur
1587 2558 1704 2652 lingua,

262 2695 356 2767 quam
383 2697 441 2744 noa
465 2677 652 2746 Norroenam
678 2698 844 2768 vocamus,
883 2699 954 2747 cum
985 2677 1022 2747 iis
1057 2676 1120 2746 bue
1145 2678 1392 2772 septentrionem
1427 2702 1536 2750 versus
1569 2682 1703 2774 venisse,

262 2807 296 2867 et
319 2797 350 2867 in
377 2798 523 2890 Saxonis,
551 2798 650 2870 Danio
677 2809 711 2870 et
736 2802 857 2893 Saecia,
883 2802 1041 2895 Norrcgio
1068 2810 1101 2872 et
1126 2800 1229 2895 aliqua
1257 2810 1346 2895 parte
1372 2801 1496 2895 Angliae
1522 2801 1703 2898 riguissa’'⁸

202 2937 206 2945 ·
260 2919 405 3013 (Fragm.
430 2919 566 2993 membr.
594 2923 633 2993 Α.
659 2926 768 3018 Magn.
798 2926 864 3020 lep
886 2925 957 3014 lol.;
994 2921 1139 3017 Lnngeb.
1167 2923 1280 3018 Seript.
1307 2927 1400 2996 llcrr.
1427 2928 1530 2996 Dann.
1559 2950 1608 3017 u,
1635 2924 1704 3018 343

262 3045 390 3120 Pomm.
416 3069 442 3116 s.
468 3070 518 3136 ru,
545 3041 636 3137 4123
662 3048 719 3120 clr.
744 3048 911 3143 lebegla
938 3075 995 3142 ni,
1026 3047 1073 3141 1).

412 3169 509 3254 Quod
548 3169 596 3240 bis
634 3170 709 3242 locis
747 3172 891 3244 universe
930 3172 1060 3264 dicitur,
1101 3194 1164 3243 non
1202 3194 1314 3265 parum
1353 3172 1476 3242 luminis
1515 3175 1627 3268 occipit
1664 3197 1704 3246 er

263 3292 390 3387 antiqua
422 3292 592 3388 scriptione
630 3294 829 3386 “suntuna”
865 3295 1016 3389 (recensu
1054 3295 1248 3391 politorum),
1287 3317 1381 3391 quom
1420 3304 1512 3365 antea
1550 3296 1704 3391 allegari-

262 3439 344 3505 mus,
370 3416 425 3488 ubi
449 3416 574 3486 nomina
601 3423 779 3512 poetarum,
806 3430 839 3491 et
864 3444 975 3492 eorum
1000 3441 1112 3514 regum
1138 3429 1380 3512 ceterorumque
1406 3429 1590 3512 magnatum
1616 3431 1704 3494 extra

263 3537 441 3631 lslaudiam,
481 3563 562 3634 quos
590 3542 779 3614 camninibus
806 3544 1023 3637 celebrarunt,
1063 3542 1173 3614 ordine
1199 3551 1416 3613 recensentur.
1467 3541 1708 3615 Enumerantur

263 3663 312 3733 bic
337 3666 473 3758 primum
499 3664 648 3735 Sveciae
673 3688 767 3758 reges
793 3677 825 3737 et
850 3680 1027 3762 magnatos,
1054 3691 1070 3738 a
1098 3666 1205 3738 seculo
1230 3675 1341 3737 octavo
1368 3663 1408 3734 ud
1434 3666 1575 3736 seculum
1603 3688 1708 3758 usque

264 3787 389 3858 tertium
417 3784 597 3881 decimum,
625 3797 657 3858 et
682 3789 772 3859 simili
797 3791 893 3862 modo
919 3797 1040 3885 poete,
1068 3791 1201 3886 primum
1228 3788 1318 3861 Sreci
1345 3799 1378 3858 et
1401 3789 1566 3881 Narvegi,
1593 3788 1708 3862 deinde

261 3910 375 3981 lelandi
402 3919 542 3999 tantum,
576 3910 647 3981 inde
676 3934 692 3983 a
719 3913 825 3983 seculo
852 3913 975 3985 decimo
1000 3911 1173 4010 (porvaldr
1197 3909 1401 4006 Hjiltason),
1442 3935 1577 4007 quorum
1603 3912 1706 3983 ultimi

263 4044 337 4105 sunt
361 4015 451 4106 Olalr
476 4031 658 4125 bbrbarsnn
685 4034 859 4106 bvltnslrbld
884 4035 931 4130 (†
962 4035 1072 4131 1259)
1097 4049 1130 4107 et
1156 4036 1261 4108 Sturla
1288 4036 1472 4131 bbrllarson
1497 4029 1544 4128 st
1576 4031 1708 4128 1284);

263 4158 314 4228 ille
340 4180 468 4232 carmen
495 4156 534 4226 le
563 4157 660 4227 Erico
686 4180 764 4251 rege
782 4160 866 4232 Erici
887 4160 953 4230 filio
974 4157 1022 4255 (ᾧ
1047 4158 1169 4253 1250),
1197 4159 1247 4229 bic
1264 4157 1304 4227 de
1326 4157 1586 4250 comiteBirgcre
1600 4160 1709 4253 Magni

300 4369 306 4397 ¹
330 4357 483 4437 „ottoboni
499 4366 542 4419 tor
554 4350 646 4434 lagu,
666 4383 696 4421 er
713 4371 832 4437 konungr
850 4373 918 4423 rori
934 4368 1062 4439 Srlebbn
1082 4369 1148 4441 eptir
1166 4370 1233 4422 bano
1251 4372 1285 4423 ola
1296 4354 1443 4434 l'nglingar
1461 4383 1506 4420 eru
1526 4369 1571 4421 tri
1587 4370 1708 4438 tanaim

263 4461 323 4534 beir
341 4464 456 4517 AEslruir
473 4467 536 4518 taikn
554 4466 600 4518 alr
617 4468 768 4533 krenlaung
791 4463 842 4538 ber
859 4464 1010 4518 innenlouls
1029 4467 1063 4517 ok
1088 4465 1152 4517 urba
1176 4461 1235 4535 baar
1256 4463 1324 4515 attii·
1347 4464 1504 4527 {julmenuar
1528 4478 1570 4514 um
1594 4465 1709 4516 §erlend

263 4559 298 4610 ok
322 4573 363 4609 um
387 4558 597 4626 samnitum-3
625 4556 719 4632 peirn
742 4561 823 4626 rung·
847 4560 887 4612 ein
913 4560 986 4624 galila
1004 4574 1044 4609 nm
1063 4554 1137 4629 besni
1164 4557 1239 4623 lond,
1264 4558 1297 4608 ok
1315 4554 1364 4627 pat
1383 4556 1465 4619 skilja
1482 4572 1574 4619 menn,
1593 4565 1620 4608 et
1648 4553 1711 4627 bair

264 4651 326 4703 bela
342 4652 424 4705 norbr
441 4654 531 4721 blngat
548 4655 608 4706 narr
626 4656 751 4720 tnlnguna,
770 4653 778 4705 l
797 4656 886 4720 Noreg
903 4654 939 4705 ok
957 4653 1101 4712 Denuntio,
1120 4648 1235 4723 Srlplbb
1253 4652 1287 4703 ok
1307 4649 1447 4701 Sarlonl.”

298 4745 308 4774 ²
328 4746 396 4814 ultin
414 4763 464 4800 rer
480 4747 518 4822 bl
536 4749 617 4815 tange
633 4747 651 4799 ό,
667 4747 797 4814 Eoglemli
816 4763 871 4800 sem
889 4746 898 4797 l
916 4745 1015 4812 Noragi
1035 4746 1068 4798 otu
1088 4745 1096 4796 l
1115 4744 1284 4809 beamurkr3
1317 4759 1348 4796 eo
1372 4741 1408 4816 pt
1432 4742 1549 4811 sklptust
1574 4745 1674 4810 tunger
1700 4746 1709 4796 l

263 4841 391 4908 Euglemli
410 4857 439 4894 er
456 4841 600 4905 Virtutum
618 4841 737 4896 butarbr
759 4859 824 4896 rann
843 4840 979 4906 Englencl3
1009 4839 1078 4906 gekk
1103 4835 1189 4910 [raban
1213 4836 1244 4887 el
1266 4837 1273 4887 i
1298 4837 1426 4904 Erglouti
1446 4838 1565 4900 valebo,
1589 4853 1619 4891 er
1642 4838 1710 4891 bera

263 4951 309 4988 rar
327 4933 411 5008 [roban
430 4934 548 4988 nttebr.”

298 5028 309 5058 ³
328 5030 451 5098 uUppbat
466 5030 533 5081 altre
550 5027 679 5093 trisago·
697 5026 708 5079 l
725 5026 853 5081 uorroenni
874 5029 970 5092 lungo,
989 5026 1078 5101 beirna
1097 5041 1125 5080 er
1142 5024 1259 5078 annulati
1280 5025 1376 5092 tylae,
1395 5024 1468 5076 balal
1485 5022 1537 5097 pb,
1563 5040 1594 5077 er
1610 5025 1712 5092 'l'yrliir

264 5125 297 5175 ok
315 5122 455 5176 Aslamson
474 5121 560 5193 lygon
579 5119 701 5185 rotatim
720 5118 767 5193 psl
786 5137 815 5174 er
831 5118 880 5193 pat
897 5121 955 5174 mab
972 5129 1053 5174 atunu
1073 5125 1100 5171 et
1117 5121 1203 5184 segle,
1222 5123 1250 5169 at
1267 5121 1367 5185 tunger
1387 5119 1448 5171 kam
1466 5117 1524 5170 mall
1540 5115 1612 5188 baim
1630 5117 1713 5171 norbr

263 5216 349 5282 bigat,
369 5232 398 5268 er
416 5219 463 5270 rer
478 5217 577 5269 bollum
596 5229 732 5276 animun,
751 5217 785 5267 olr
804 5216 874 5280 getik
893 5217 925 5268 eil
944 5215 1026 5280 tinge
1044 5229 1084 5267 orn
1105 5212 1384 5278 Smlaud,1)aumork
1404 5211 1438 5264 ok
1457 5208 1584 5282 Srlebb,
1609 5214 1710 5279 Nom,

262 5312 298 5363 ok
317 5326 357 5362 um
376 5312 497 5363 rokkero
516 5310 588 5363 blata
606 5308 769 5374 nigrantur
856 5385 859 5390 θ
