3717 5809
741 466 919 516 PRAEFATlo·
1093 495 1098 504 ι
1520 478 1543 521 v

98 627 311 698 intensitatem
338 648 401 695 non
429 626 573 697 senserit.
626 627 722 713 Quod
747 628 882 700 maxime
908 629 948 699 de
974 629 1184 724 Sieinbjdrno
1202 633 1383 725 Egilssonio
1407 635 1539 726 accedit,

100 752 151 848 qni
183 774 247 820 non
281 750 387 819 solum
419 748 580 841 ingenium
614 751 722 822 habuit
759 751 799 822 ad
837 776 929 824 omne
962 776 1062 847 genus
1094 754 1255 825 literarum
1289 767 1472 852 promptum
1508 771 1541 829 et

101 877 220 964 alacre,
254 872 311 943 sed
344 882 378 941 et
410 881 537 964 gustum
563 872 603 942 ad
629 897 755 947 omnem
781 875 969 968 elegantiam
996 877 1148 948 sermonis
1176 900 1328 972 pronum,
1363 903 1538 977 venamque

101 1000 256 1093 poeticam
282 999 506 1094 lepidissimam
532 1022 602 1069 eum
617 998 696 1088 sale,
722 1000 762 1069 sd
787 999 914 1070 facetias
942 999 1115 1094 prasertim
1143 1010 1315 1072 nutantem.
1368 1005 1539 1098 Postquam

102 1124 248 1193 dimissus
281 1122 356 1214 luit,
396 1132 430 1192 et
461 1124 490 1191 ei
522 1145 580 1216 per
610 1121 729 1217 aliquot
761 1145 859 1193 annos
897 1119 1180 1215 (talo-1814)
1212 1124 1243 1194 in
1274 1125 1368 1195 domo
1402 1128 1537 1217 nutricii,

102 1249 223 1319 eximiis
250 1246 429 1342 quibusque
454 1246 485 1315 in
511 1245 559 1316 his
586 1245 682 1316 literis
708 1244 854 1317 subsidiis
881 1246 972 1338 tulto,
999 1245 1104 1316 literas
1131 1248 1235 1318 colere
1261 1250 1407 1342 contigit,
1439 1250 1538 1344 prima

103 1374 214 1443 harum
240 1369 440 1441 scientiarum
460 1368 649 1441 documenta
676 1367 771 1463 dedit,
799 1393 895 1464 quum
916 1369 1035 1463 aliquot
1054 1393 1162 1441 versus
1183 1370 1275 1464 hujus
1288 1374 1414 1466 generis
1428 1376 1540 1468 partim

102 1494 281 1590 composuit
305 1494 415 1588 partim
441 1493 665 1588 interpretatus
692 1502 751 1564 est.
802 1494 926 1564 Halniae
954 1492 1088 1588 primum
1114 1494 1196 1564 inter
1221 1494 1404 1568 laudatores
1426 1499 1540 1569 Socie-

101 1620 173 1690 tstis
198 1618 362 1690 Literariae
387 1615 549 1687 lslandicae
574 1615 632 1686 luit
655 1613 809 1709 (1816);
842 1615 956 1686 deinde
981 1614 1094 1687 eodem
1121 1641 1204 1687 anno
1229 1619 1313 1689 inter
1340 1621 1442 1693 socios
1468 1645 1540 1692 cum

101 1743 201 1815 tribus
228 1741 295 1812 aliis
321 1741 439 1811 electus
466 1749 516 1810 est
540 1737 580 1808 ad
606 1737 776 1834 parandam
803 1736 974 1809 editionem
990 1740 1138 1811 Historia
1153 1742 1539 1836 Sturluugorum(Sturl·

101 1870 183 1961 tinga
217 1888 304 1958 saga.
337 1865 399 1935 lila.
438 1859 691 1936 1817-1819.
728 1886 815 1931 r·u.
849 1857 936 1955 dte).
995 1860 1152 1933 absoluto
1186 1865 1328 1935 examine
1363 1865 1540 1960 theologico

106 1990 199 2064 1819
227 2012 290 2059 nou
317 2009 413 2083 pauca
440 1984 631 2081 antiquitatis
646 1995 848 2055 monumenta
869 2008 905 2055 ex
921 1984 1080 2056 codicibus
1094 1985 1302 2081 exscripsit¹,
1342 2013 1413 2083 qum
1426 1989 1540 2061 deinde

102 2113 268 2185 lslandiam
307 2134 414 2181 secum
454 2109 686 2204 transportavit.
746 2110 853 2195 Quum
891 2108 1059 2181 Islandiam
1101 2119 1227 2180 sentum
1263 2123 1331 2202 est,
1370 2113 1401 2181 in
1435 2114 1540 2185 schola

102 2234 339 2307 Bessastadensi
378 2243 488 2305 nactus
527 2243 576 2303 est
607 2233 758 2326 collegam
793 2243 826 2302 et
859 2231 1036 2304 studiorum
1073 2255 1202 2304 suorum
1243 2255 1347 2305 acrem
1387 2237 1540 2309 cultorem

104 2372 198 2457 alque
224 2358 454 2450 instigatorem,
482 2359 539 2426 Dr.
553 2355 943 2449 HallgrimumScheving,
971 2355 1025 2452 qni
1046 2356 1111 2449 jam
1138 2365 1206 2427 tum
1231 2379 1289 2451 per
1314 2360 1418 2453 plures
1441 2384 1539 2432 annos

105 2483 143 2555 ad
166 2482 306 2555 Lericon
332 2481 447 2574 linguae
472 2478 632 2550 lslandieae
657 2481 754 2550 multa
780 2479 962 2573 collegerat.
1014 2482 1086 2551 Non
1118 2479 1215 2571 igitur
1244 2481 1438 2576 mirandum,
1480 2485 1538 2556 laos

104 2607 182 2679 dnos
210 2630 274 2677 non
300 2604 403 2675 solum
428 2603 510 2673 inter
534 2602 702 2699 discipulos
727 2626 803 2674 suos
830 2625 970 2674 amorem
996 2603 1108 2674 harum
1137 2603 1300 2675 literarum
1333 2629 1396 2677 non
1428 2631 1538 2703 parum

104 2732 273 2821 excitasse,
300 2727 357 2798 sed
383 2726 476 2798 etiam
502 2723 604 2796 studia
631 2725 700 2818 ejus
726 2726 853 2821 generis
878 2723 1029 2822 operibus
1056 2727 1121 2799 suis
1146 2727 1252 2799 multis
1278 2706 1379 2801 modis
1405 2753 1539 2826 promo-

104 2856 192 2924 visse.
245 2854 289 2923 Et
314 2848 445 2921 feliciter
469 2848 591 2942 accidit,
618 2848 704 2944 quod
730 2849 843 2921 eodem
870 2859 1014 2945 tempore
1040 2849 1135 2922 ardor
1160 2861 1251 2922 antea
1277 2852 1403 2946 ignotus
1426 2853 1539 2926 adhoc

102 2977 262 3048 literarum
289 2997 390 3067 genus
416 2972 671 3066 cognoscendum
704 2996 760 3068 per
791 2982 890 3044 totam
915 2974 1170 3069 Septentrionem
1196 2985 1229 3046 et
1255 2976 1457 3048 Germaniam
1483 2977 1538 3046 in·

103 3103 213 3194 crevit,
253 3100 307 3196 qui
340 3097 381 3169 ad
410 3098 494 3168 hunc
518 3120 621 3195 nsque
648 3096 730 3168 diem
757 3095 889 3189 duravit,
929 3108 962 3169 et
986 3107 1023 3168 ut
1047 3120 1211 3193 speramns
1245 3098 1344 3193 magis
1370 3100 1532 3196 magisque

102 3226 223 3296 tructus
250 3225 377 3298 abunde
404 3228 494 3298 leret.

249 3351 286 3420 lu
313 3351 372 3421 hoc
397 3348 597 3421 scientiarum
622 3366 740 3437 genere
766 3366 845 3414 nora
871 3343 990 3438 epocha
1016 3352 1085 3413 arta
1110 3356 1160 3416 est
1184 3368 1266 3417 anno
1297 3343 1414 3438 ¹825,
1440 3370 1537 3442 qnam

101 3474 149 3544 die
174 3497 204 3544 r.
220 3474 281 3543 eal.
294 3472 391 3545 Febr.
416 3470 493 3565 (28.
512 3466 647 3562 ianuar)
666 3466 807 3538 Societas
833 3474 940 3537 nostra
966 3465 1093 3537 lundata
1119 3478 1179 3539 est.
1229 3469 1331 3541 Amici
1355 3469 1536 3562 Egilssonii,

100 3598 152 3688 qui
191 3598 287 3692 hujus
326 3593 490 3669 Societatis
530 3592 627 3688 prima
660 3589 861 3662 fundamenta
889 3588 1057 3683 jecerunt,
1090 3593 1190 3663 amico
1217 3616 1300 3683 suo,
1344 3593 1375 3663 in
1406 3590 1537 3662 lslandia

101 3722 255 3813 moranti,
295 3719 353 3791 loci
380 3741 415 3790 se
441 3716 523 3812 digni
549 3717 580 3786 in
606 3711 764 3786 lundauda
791 3710 949 3783 Societate
975 3712 1221 3809 antiquariorum
1247 3715 1537 3812 septentrionalium

100 3841 275 3941 occupandi
301 3841 499 3914 occasionem
525 3835 669 3936 praebere
695 3834 926 3926 desiderarunt,
953 3860 1051 3931 quare
1077 3860 1150 3909 eum
1174 3837 1239 3932 jam
1269 3834 1363 3913 1824
1387 3839 1538 3931 collegam

100 3968 157 4038 sibi
184 3968 215 4037 in
244 3965 370 4037 edendo
396 3971 651 4061 programmate,
682 3957 796 4030 deinde
823 3958 858 4029 in
885 3956 1054 4051 dirigendis
1080 3960 1177 4033 rebus
1203 3962 1347 4034 litorariis
1373 3960 1538 4034 Societatis

100 4093 292 4184 clegerunt,
330 4086 414 4185 quod
442 4094 551 4182 postea
578 4082 618 4154 ad
644 4093 778 4158 mortem
800 4103 901 4177 usqua
924 4105 1051 4178 semper
1080 4084 1149 4154 luit.
1201 4085 1257 4156 Ille
1278 4085 1371 4157 etiam
1397 4108 1494 4179 opera
1520 4108 1537 4154 a

99 4214 259 4286 Societate
300 4210 382 4282 edita
427 4206 661 4305 quodammodo
701 4205 841 4302 primitiis
882 4204 947 4275 suis
985 4206 1203 4301 inaugurarit3
1242 4207 1419 4303 composuit
1456 4208 1538 4277 enim

99 4336 205 4410 Odam
219 4333 261 4406 ad
274 4357 384 4427 regem
396 4331 600 4405 Fredericum
614 4332 745 4402 Sestum
760 4340 793 4400 et
813 4328 953 4422 reginam
966 4330 1110 4420 Mariam,
1137 4329 1284 4402 volumini
1304 4330 1406 4425 primo
1425 4330 1538 4401 horum

98 4461 295 4557 Scriptorum
329 4457 540 4552 praemissam,
580 4463 613 4525 et
637 4455 741 4525 teitus
771 4451 917 4523 Historia
941 4453 1012 4524 Olai
1045 4453 1192 4549 Trpggvii
1219 4453 1274 4524 lilii
1306 4474 1344 4524 ex
1376 4452 1446 4545 ejus
1479 4476 1539 4524 er-

98 4584 216 4679 scripto
236 4582 411 4676 impressus
431 4588 481 4650 est
499 4578 714 4672 (Fornmauna
735 4582 834 4669 edgar
848 4576 908 4645 rol.
930 4574 1057 4670 ι-ιιι).
1115 4579 1272 4647 Praeterea
1298 4577 1329 4646 ia
1357 4576 1414 4646 hac
1439 4578 1539 4648 colle-

97 4708 200 4777 ctione
239 4700 396 4775 1slaudioe
440 4700 544 4791 dedit,
591 4724 668 4796 quas
700 4697 872 4772 Undalinus
908 4700 982 4771 olim
1020 4699 1139 4770 [lanice
1171 4709 1327 4789 verterat,
1382 4700 1538 4771 Historias

100 4829 244 4899 Halonis
272 4825 431 4898 Sverreris
458 4824 523 4916 filii,
551 4823 709 4895 Guttormi
736 4822 860 4915 Sigurdi
887 4821 940 4892 lilii
967 4835 1000 4892 et
1024 4821 1104 4915 logii
1129 4821 1221 4894 Bardi
1262 4822 1316 4893 filii
1340 4819 1486 4914 (Forum.
1513 4847 1540 4893 s.

99 4978 160 5042 ur,
188 4947 394 5042 57-213),
434 4970 566 5043 quarum
601 4954 705 5017 textus
731 4958 766 5015 ut
799 4945 921 5016 videtur
950 4944 1091 5038 jamdum
1123 4946 1270 5041 perierat.
1322 4950 1357 5016 lu
1384 4945 1540 5016 volumine

101 5075 209 5146 ultimo
222 5073 319 5168 hujus
345 5071 539 5144 collectionis
559 5067 716 5141 historica
738 5068 882 5163 scripsit:
917 5069 953 5162 a)
978 5068 1222 5162 Chronologiam
1243 5091 1355 5162 regum
1375 5069 1540 5162 Norvegia

102 5192 714 5290 (aot-1263);'o)c11r0mlogian
740 5215 853 5286 regum
887 5193 997 5264 Daniae
1029 5189 1302 5286 (stt-lmap
1335 5192 1369 5286 c)
1403 5192 1540 5262 Annales

143 5354 150 5380 ¹
171 5361 320 5409 munerata
339 5368 356 5404 s
373 5355 442 5404 dora
459 5349 607 5404 arnesonia
621 5347 647 5402 ia
659 5348 722 5401 Vita
739 5353 768 5402 S.
783 5351 846 5416 Eg,
867 5348 924 5402 ride
941 5347 987 5399 itit
1005 5347 1112 5400 Satist.
1126 5346 1224 5416 Egilss.
1242 5349 1277 5414 11,
1295 5329 1393 5414 ποῖαι.
1408 5366 1433 5416 p.
1449 5364 1539 5399 ιινιιι.
