3717 5809
752 427 931 478 werno.
1511 412 1576 472 'stru

128 586 195 658 lilio
221 597 331 659 estate
358 588 431 658 anni
460 587 554 662 1265
582 589 769 683 composuit.
820 591 892 661 Hoc
916 588 1013 683 igitur
1038 611 1163 660 carmen
1190 589 1334 660 ultimum
1361 588 1466 659 locum
1487 597 1576 658 tenet

129 734 259 804 eorum,
298 734 373 807 quas
405 735 423 783 a
455 713 557 807 poe’lis
592 736 682 784 more
715 714 869 808 majorum
901 717 933 785 in
959 714 1068 785 Srecia
1094 711 1218 808 publice
1246 735 1351 783 coram
1377 708 1575 803 magnatibus

129 836 194 906 sint
218 833 406 906 declamata.
433 875 483 888 -
509 837 614 909 Series
646 859 760 930 regum
792 836 1132 930 Norvegicorum,
1172 837 1226 931 qui
1263 833 1453 907 carminibus
1486 834 1575 904 cele·

129 959 213 1029 brati
237 959 379 1052 luerunt,
418 958 458 1030 ab
484 958 625 1031 Haraldo
650 983 728 1054 rege
755 961 968 1055 pulchricomo
994 960 1116 1055 incipit,
1156 958 1244 1052 cujus
1271 983 1327 1029 sen
1353 964 1457 1054 politae
1483 955 1574 1027 aulici

127 1090 354 1173 recensentur,
393 1106 505 1156 omnes
536 1093 573 1153 ut
604 1081 728 1154 videtur
752 1084 909 1177 Norregi,
952 1093 985 1154 et
1016 1084 1150 1154 lortasse
1189 1107 1226 1154 er
1254 1093 1343 1179 parte
1369 1082 1451 1152 Dani
1488 1060 1575 1173 (llllr

130 1203 324 1296 Sebbason).
359 1203 410 1271 Ex
436 1202 507 1275 filiis
533 1207 602 1299 ejus
628 1229 709 1277 unus
735 1229 754 1276 a
780 1204 905 1278 duobus
928 1205 1144 1278 celeberrimis
1162 1206 1329 1299 Norregiae
1355 1204 1469 1302 podtis,
1495 1205 1575 1275 alter

132 1327 304 1401 aduobus
331 1325 475 1420 lslandis,
502 1327 693 1401 carminibus
720 1339 769 1400 est
789 1328 946 1423 laudatus,
973 1329 1030 1402 sed
1049 1340 1175 1401 mortuo
1187 1352 1265 1422 rege
1279 1328 1415 1400 Halone
1427 1323 1474 1422 (†
1487 1325 1578 1419 961)

131 1478 225 1526 nemo
245 1459 413 1548 positarum
434 1452 609 1524 aulicorum
630 1453 809 1524 nominatur
829 1454 887 1524 nisi
899 1453 1026 1525 lslandi.
1078 1455 1130 1526 ab
1143 1475 1225 1525 anno
1239 1452 1336 1545 igitur
1349 1451 1475 1522 circiter
1491 1448 1575 1543 950,

130 1601 232 1673 usque
258 1577 299 1647 ad
324 1588 463 1647 mortem
488 1577 574 1669 regis
600 1576 683 1647 Erici
709 1577 818 1670 Magni
852 1576 905 1648 filii
937 1574 984 1673 (†
1015 1576 1127 1670 1299)
1157 1578 1225 1647 bec
1258 1574 1407 1671 periodus
1441 1573 1575 1666 durarit,

8 1789 9 1808 ,
132 1725 195 1797 qua
226 1698 344 1771 lslandi
379 1700 437 1770 soli
471 1701 502 1770 in
529 1700 687 1794 Norvegia
719 1700 823 1771 locum
854 1708 1020 1796 poetarum
1053 1702 1226 1772 aulicorum
1253 1709 1430 1771 ¹tennerunt
1461 1709 1494 1770 et
1525 1720 1577 1769 res

8 1823 10 1856 ⁸
131 1835 236 1916 gestas
263 1822 454 1895 carminibus
480 1822 695 1917 celebrarunt,
722 1823 763 1895 ita
790 1836 826 1895 ut
850 1837 967 1920 praeter
992 1848 1103 1896 eorum
1130 1824 1267 1895 carmina
1296 1823 1474 1916 singulares
1501 1832 1577 1893 tun·

133 1959 199 2018 tum
225 1947 366 2042 strophae
392 1970 410 2017 a
436 1947 510 2018 uiris
537 1947 713 2041 Norvegis,
751 1948 881 2042 regibus
909 1948 1108 2046 presertim,
1148 1948 1236 2044 quasi
1262 1945 1452 2019 exercitandi
1478 1949 1578 2040 gratia

132 2072 329 2166 conposite,
363 2094 448 2141 nunc
481 2071 654 2166 supersint.
708 2072 789 2142 Cum
822 2094 903 2143 anno
940 2069 1034 2145 1300
1066 2073 1133 2144 baec
1164 2071 1314 2167 periodus
1353 2073 1384 2142 in
1417 2072 1577 2164 Norvegia

133 2194 221 2285 finiit,
249 2205 283 2266 et
309 2205 420 2265 notatu
448 2192 580 2288 dignum
614 2205 680 2286 est,
720 2218 829 2288 regem
864 2196 994 2266 Ericum
1032 2219 1050 2267 a
1083 2196 1224 2292 quinque
1254 2196 1356 2291 poetis
1389 2193 1578 2265 carminibus

133 2316 293 2388 laudatum
321 2341 404 2410 esse,
435 2318 566 2389 lratrem
589 2318 657 2411 ejus
678 2317 846 2389 Halonem
873 2342 891 2389 a
917 2319 1055 2412 nemine,
1083 2318 1168 2414 quod
1194 2319 1331 2390 indicare
1357 2318 1481 2389 ridetur
1505 2340 1578 2387 eum

132 2442 293 2536 antiquam
320 2440 401 2511 banc
427 2451 461 2510 et
487 2439 696 2512 domesticam
722 2452 821 2512 artem
849 2440 1043 2537 despexisse,
1071 2451 1104 2513 et
1128 2465 1243 2513 norum
1269 2443 1439 2513 literaturae
1466 2465 1578 2536 genus,

131 2566 326 2636 uenationes
359 2563 481 2635 scilicet
513 2563 692 2655 fabulosas,
731 2588 749 2635 a
781 2566 930 2658 gentibus
956 2566 1108 2639 Romanis
1137 2565 1202 2658 jam
1233 2563 1353 2636 dudum
1384 2565 1415 2635 in
1447 2575 1580 2659 septen·

129 2688 263 2759 trionem
288 2689 469 2782 prolectas,
496 2688 600 2781 magis
626 2687 773 2758 coluisse.
831 2691 918 2759 lnter
943 2699 1106 2783 magnates
1131 2689 1299 2783 Norvegire
1325 2688 1482 2759 neminem
1508 2698 1581 2782 post

130 2809 241 2881 ducem
268 2811 413 2882 Skulium
439 2807 488 2906 (†
519 2806 655 2902 1240),
689 2811 836 2882 comitem
861 2814 1004 2884 Knutum
1029 2813 1172 2883 Hakonis
1204 2812 1304 2883 lilium
1334 2807 1382 2906 (†
1410 2809 1522 2904 1261)
1546 2823 1579 2882 et

131 2935 372 3006 Gaulumlonae
384 2935 564 3006 Melensem
589 2930 638 3029 (†
667 2932 779 3027 1270)
803 2936 992 3009 carminibus
1017 2936 1211 3009 celebratum
1238 2958 1309 3006 esse
1334 2935 1581 3006 invenimus.-

131 3059 214 3129 lnter
237 3060 441 3129 Bonorum
464 3080 562 3151 reges
577 3059 699 3129 Svenus
725 3058 932 3131 lurcobnrb'us
957 3056 1005 3155 (p
1024 3057 1136 3152 1014)
1161 3059 1278 3154 primus
1306 3068 1499 3146 numeratur,
1526 3060 1580 3153 qui

130 3188 266 3276 aposta
291 3179 422 3253 lslando
451 3182 566 3252 Ottare
592 3181 684 3274 nigro
710 3182 847 3254 carmine
881 3182 1026 3254 laudatus
1053 3185 1111 3274 sit,
1150 3182 1279 3253 ultimus
1306 3205 1381 3252 vero
1406 3182 1580 3254 Valdemn·

132 3328 183 3376 ros
214 3304 374 3376 secundus
408 3301 457 3400 (†
495 3300 621 3395 1241).
686 3307 721 3375 lu
749 3306 894 3397 buglis
929 3306 1135 3377 Athelstanus
1167 3317 1199 3377 et
1222 3305 1432 3398 Ethelredus,
1473 3308 1580 3379 seculo

131 3428 249 3500 decimo
276 3440 309 3501 et
334 3430 419 3500 circa
444 3428 567 3498 initium
592 3428 689 3498 seculi
715 3429 882 3521 undecimi,
911 3452 929 3498 a
954 3428 1057 3522 poetis
1084 3427 1296 3499 celeberrimis
1321 3428 1426 3522 Egillo
1453 3430 1579 3502 Slmlla·

131 3552 217 3646 gn'mi
244 3563 278 3623 ct
304 3554 477 3647 Gunnlogo
503 3551 700 3644 vermiliugui
725 3552 914 3623 carminibus
939 3552 1193 3623 celebrabantur.
1243 3554 1293 3621 En
1319 3551 1366 3622 bis
1386 3554 1536 3649 exemplis
1556 3557 1580 3626 si

131 3676 277 3772 periodus
297 3675 450 3747 historica
470 3676 585 3769 tingue
604 3686 636 3746 et
657 3681 793 3771 poeseos
813 3676 843 3745 in
864 3698 963 3746 annos
985 3673 1162 3745 definienda
1182 3687 1279 3762 esset,
1302 3676 1332 3746 in
1347 3676 1458 3770 buglia
1478 3702 1581 3773 usquc

132 3798 170 3869 ad
201 3799 445 3895 occupationem
470 3798 724 3892 Normannicam‚
757 3800 822 3870 sive
854 3797 893 3868 ad
920 3797 1060 3869 medium
1086 3821 1187 3893 usque
1214 3800 1353 3869 seculum
1379 3798 1579 3871 undecimum

132 3922 271 4014 durarit,
298 3923 330 3994 in
355 3923 464 3995 Daunia
491 3933 524 3993 et
549 3922 658 3994 Ssecia
684 3921 722 3993 ad
749 3922 887 3994 medium
912 3944 1017 4017 usque
1043 3921 1140 3992 seculi
1166 3921 1250 3992 tertii
1276 3921 1406 4014 decimi,
1434 3924 1464 3993 iu
1491 3927 1580 3996 Nor·

134 4047 221 4140 regia
238 4046 278 4117 ad
293 4046 391 4116 finem
408 4044 551 4140 ejusdem
566 4046 676 4139 seculi,
703 4046 768 4117 sire
781 4045 820 4116 ad
834 4044 956 4116 initium
969 4045 1065 4116 seculi
1079 4044 1221 4141 proxime
1234 4045 1407 4140 sequentis.
1445 4048 1580 4119 Disces-

133 4193 185 4240 sus
210 4175 377 4264 poctarum
410 4192 449 4240 ex
474 4170 551 4241 aulis
584 4170 680 4264 regiis
705 4192 777 4241 cum
809 4169 1026 4240 immutatione
1060 4169 1156 4239 moris
1188 4168 1343 4262 majorum
1375 4171 1579 4242 mutationem

134 4292 246 4387 lingum
270 4290 398 4386 indicat,
431 4317 503 4389 quae
529 4293 645 4364 sensim
672 4293 853 4388 sensimque
879 4290 1004 4363 aliunde
1031 4290 1150 4361 deuota
1177 4302 1209 4362 et
1230 4290 1404 4384 debilitata,
1432 4293 1580 4365 inlslun·

133 4413 213 4487 diam
240 4416 331 4512 quasi
356 4416 390 4487 in
424 4417 570 4489 ultimum
603 4416 768 4488 castellum
801 4438 836 4494 se
868 4415 1002 4508 recepit,
1040 4414 1096 4485 ubi
1127 4437 1190 4483 uon
1222 4414 1324 4485 miuus
1356 4438 1451 4512 qnam
1488 4427 1580 4488 antea
1661 4473 1667 4490 .

134 4539 253 4610 exculta
280 4539 339 4609 luit
363 4545 397 4612 el
428 4550 541 4612 amala.
592 4542 637 4612 Ut
661 4547 753 4610 autea
772 4560 811 4609 ex
831 4537 967 4608 maxima
988 4547 1076 4631 parte
1097 4559 1191 4630 reges
1212 4548 1245 4608 et
1264 4549 1425 4632 magnates
1440 4551 1579 4625 exteros,

134 4663 174 4733 ita
198 4687 282 4735 nunc
299 4669 412 4758 poetar
430 4658 549 4734 lslandi
574 4663 707 4734 Mariam
732 4661 894 4756 virginem,
922 4669 1060 4732 sanctam
1087 4661 1235 4752 Crucem,
1262 4674 1386 4734 sanctos
1407 4663 1578 4758 Apostolos

135 4787 334 4882 etldarmes
361 4786 557 4858 carminibus
584 4785 746 4857 celebrare
772 4784 968 4879 inceperunt,
995 4807 1130 4879 quorum
1158 4786 1330 4856 carminum
1357 4809 1468 4879 magna
1492 4786 1579 4856 mul-

134 4908 232 4981 titudo
258 4909 363 4982 adhuc
384 4908 506 4980 inedita
531 4910 562 4981 in
589 4909 675 4981 libris
702 4906 921 5002 manuscriptis
948 4916 1137 4979 asservatur.
1190 4910 1365 5001 Ceterum,
1405 4908 1463 4979 nisi
1488 4909 1578 4978 nimis

136 5032 227 5128 louge
252 5058 271 5105 a
297 5043 416 5105 nortun
442 5034 604 5129 proposito
630 5033 780 5125 abesset,
819 5053 858 5102 ex
886 5031 972 5101 omni
997 5031 1103 5102 seculo
1136 5031 1262 5103 uomina
1293 5054 1405 5103 eorum
1437 5031 1580 5126 prolerre

134 5180 315 5251 possemus,
357 5155 418 5252 qrri
444 5157 601 5251 poeticam
627 5165 752 5247 artem,
792 5178 854 5226 nou
880 5165 917 5225 ut
940 5154 1114 5225 imitatores
1149 5154 1207 5225 sed
1237 5166 1274 5226 ut
1305 5153 1395 5226 liberi
1427 5153 1578 5243 cultores,

134 5303 218 5353 more
243 5281 413 5374 majorano
438 5289 659 5351 exercuerunt.
