3717 5809
299 433 382 480 xxn
925 433 1105 483 PRAEFATIO·
1174 401 1187 430 ⁰

300 592 488 684 adoremus,
528 615 565 662 cr
594 592 660 663 lere
692 592 990 685 innumerabilibus,
1030 617 1100 689 qnae
1127 594 1182 665 riri
1214 595 1298 666 docti
1325 596 1390 688 jam
1424 609 1672 690 congesserunt,
1715 609 1752 668 et

301 739 372 810 quae
398 716 531 810 amplius
557 716 686 808 congeri
711 715 881 810 possuat¹.

450 839 712 933 Antiquissimum
745 840 785 912 de
817 842 876 911 hac
913 865 948 910 re
985 840 1067 935 apud
1106 847 1215 935 podtas
1243 842 1423 933 exemplum
1450 841 1537 912 dedit
1565 844 1749 937 Sigbvatns,

301 963 366 1057 qui,
389 960 447 1032 ubi
478 985 685 1055 congressum
711 963 794 1034 inter
817 966 953 1036 Olavum
980 967 1148 1050 Sanctum,
1174 988 1284 1057 regern
1311 965 1491 1056 Narvegiae,
1520 976 1553 1036 et
1579 968 1750 1037 Halonem

303 1085 450 1155 comitem
477 1086 560 1156 Erici
588 1085 686 1155 filium
712 1085 743 1154 in
777 1086 1089 1178 lretoSaudungensi
1108 1085 1202 1159 1014
1228 1098 1466 1178 commemorat,
1493 1089 1750 1181 hunccomitem,

301 1208 401 1278 sirum
428 1211 636 1302 Narragam,
675 1209 871 1280 insecundo
908 1211 978 1281 lacn
1017 1209 1173 1304 dignitatis
1205 1210 1342 1304 positum
1376 1220 1408 1281 et
1439 1213 1564 1304 generis
1591 1223 1752 1307 praestaa-

302 1329 412 1399 tissimi
450 1330 481 1400 in
519 1332 703 1424 regionibns
741 1333 860 1403 Danica
892 1334 997 1427 lingua
1036 1333 1237 1430 loquentibus
1276 1334 1414 1428 appellat
1439 1335 1565 1429 (Suorri
1600 1337 1751 1422 Sturlus.,

182 1458 184 1462 ’
304 1436 393 1525 Olals
420 1478 445 1524 s.
472 1456 577 1547 belga,
604 1479 632 1525 c.
652 1454 717 1529 28:
744 1458 872 1527 Forum.
900 1482 926 1527 s.
953 1483 999 1548 av,
1027 1456 1073 1529 73
1101 1460 1156 1530 clr.
1182 1480 1243 1550 xa,
1272 1456 1352 1551 77):

305 1699 383 1772 llilr
407 1700 487 1771 laad
514 1704 566 1772 ser
592 1713 624 1773 at
649 1702 745 1797 saelja
975 1703 996 1773 i.
1024 1727 1053 1774 e.
1106 1707 1174 1777 nex
1202 1715 1325 1797 patens,
1352 1703 1523 1798 gloriaque
1550 1704 1698 1799 cupidus,

307 1823 497 1916 Sanbdngs·
526 1825 672 1917 londngr
698 1826 809 1897 naubir
1107 1851 1238 1898 necesse
1265 1827 1323 1897 sibi
1350 1850 1422 1898 esse
1449 1826 1525 1898 dixit

307 1946 443 2040 lraegdar
468 1948 557 2041 gjarn
585 1949 594 2017 i
621 1950 712 2019 lornu
1109 1950 1250 2022 Helonis
1277 1963 1387 2046 petere
1419 1974 1626 2044 congressam

307 2070 383 2140 land
410 2070 563 2141 Hilonar
587 2071 712 2142 -saadi,
905 2111 908 2116 >
1104 2073 1135 2142 in
1161 2084 1285 2145 vetusto
1313 2077 1393 2146 lreto
1420 2074 1651 2170 Saadungcasi.

310 2195 441 2286 strangi
466 2193 534 2264 bitti
561 2198 623 2291 bar
648 2195 770 2290 baagill
1102 2198 1238 2268 Severus
1260 2198 1384 2290 juvenis
1411 2221 1467 2268 rer
1493 2199 1543 2270 bic
1568 2198 1699 2270 offendit

308 2318 398 2412 {nana
422 2316 496 2410 jarl,
524 2340 560 2387 er
585 2340 639 2387 rar
664 2340 777 2388 anaarr
1106 2318 1281 2414 dynastarn,
1308 2322 1361 2417 qni
1388 2334 1457 2393 arat
1477 2322 1756 2417 prestantissimus

310 2449 396 2526 aeztr,
422 2438 461 2510 ol
487 2450 542 2510 aett
568 2453 622 2533 gat
646 2440 737 2512 beata
1108 2442 1184 2513 alter
1210 2456 1242 2515 et
1268 2446 1387 2541 optimu
1413 2455 1505 2516 natus
1531 2470 1649 2540 genera

311 2562 392 2656 dagr
417 2563 434 2631 d
461 2561 611 2633 dansla
638 2563 774 2658 tdngn.
1105 2567 1254 2639 Dacica
1283 2571 1420 2664 lingua
1448 2569 1718 2664 loquentium.

461 2809 587 2879 Marcus
615 2809 743 2903 Skeggii
769 2809 851 2880 filius
876 2807 1024 2903 (lllarlnis
1051 2809 1283 2908 Sleggjasan),
1312 2837 1369 2907 per
1400 2838 1497 2885 annos
1517 2811 1761 2887 tout-1107

313 2929 425 3022 legiler
439 2929 639 3026 lslandiae(†
658 2932 768 3022 11073
795 2933 851 3004 alr.
873 2934 947 3006 Salo
967 2939 1001 3008 til
1023 2943 1103 3032 siga
1127 2918 1247 3009 lslands
1268 2961 1302 3028 n,
1324 2937 1501 3030 20-21),
1521 2939 1575 3030 qui
1602 2937 1641 3008 de
1662 2938 1761 3009 Erico

312 3055 403 3122 Bona
424 3056 515 3147 llcge
541 3055 653 3125 Daniae
680 3078 806 3127 carmen
821 3061 1010 3154 composuit,
1037 3062 1066 3133 in
1093 3061 1206 3132 eodem
1227 3060 1364 3131 carmine
1391 3063 1605 3133 laudationem
1633 3061 1762 3131 archie-

315 3176 495 3270 piscopatus
524 3177 710 3269 Landensis,
738 3180 806 3270 cui,
833 3192 869 3251 ut
893 3183 968 3253 satis
996 3194 1105 3256 aotam
1132 3195 1196 3274 est,
1225 3207 1286 3253 non
1313 3185 1416 3256 solam
1441 3186 1554 3275 Dania,
1582 3184 1638 3254 sed
1665 3184 1761 3254 etiam

317 3299 437 3389 Saecia,
464 3301 622 3393 Noruegia
650 3311 683 3370 et
707 3302 842 3372 lslandia
870 3306 1012 3399 subjecta
1039 3308 1107 3400 luit,
1133 3309 1193 3378 hoc
1217 3307 1313 3377 moda
1333 3319 1560 3380 commemorat
1572 3305 1763 3403 (llnqtllnga

221 3465 227 3488 .
316 3445 342 3490 s.
369 3445 397 3492 c.
424 3421 492 3495 80:
520 3425 646 3495 Forum.
674 3449 700 3495 s.
727 3448 778 3519 xa,
808 3424 881 3497 314
907 3431 963 3500 cir.
989 3455 1052 3521 xu,
1079 3430 1185 3523 256):

714 3660 864 3731 Drdttum
892 3661 936 3733 let
962 3662 971 3732 l
996 3663 1162 3736 Daambrls
1189 3675 1291 3734 settan

713 3780 844 3875 diigllng
869 3783 1011 3877 grundar
1036 3785 1140 3858 slamt
1165 3788 1210 3858 lrb
1236 3785 1338 3859 Lundi

715 3902 855 3993 erlistdl,
882 3909 987 4002 bana
1014 3933 1055 3980 er
1083 3911 1137 3981 iill
1162 3910 1261 4007 qjoo
1289 3909 1452 4004 dy'rlrar,

716 4027 925 4124 aljanln'ragr,
953 4033 970 4101 l
998 4033 1147 4104 danslca
1174 4038 1313 4128 tdngu.

716 4150 864 4244 Hildlngr
890 4154 1000 4225 lranndi
1028 4157 1146 4249 lzellagt
1171 4156 1252 4228 veldi
1266 4182 1277 4250 3

718 4273 919 4369 baurgegaan
947 4280 998 4349 md
1024 4268 1112 4351 (laur
1137 4282 1259 4373 lregaa,

719 4395 837 4467 bonum
865 4398 946 4470 sisar
973 4402 1065 4473 lablda
1090 4404 1196 4498 reyair

718 4519 824 4591 bimaa
849 4522 931 4616 stig,
958 4525 991 4595 til
1017 4525 1149 4622 bislaups
1174 4526 1299 4620 vigona.

361 4833 371 4864 ¹
408 4835 533 4903 Exempla
558 4835 616 4888 vide
638 4836 795 4892 intractata
815 4841 888 4893 Pauli
912 4842 1030 4895 Videliai
1055 4845 1086 4895 de
1112 4861 1174 4898 roae
1197 4847 1288 4898 Doask
1311 4845 1409 4911 tdnga,
1428 4850 1489 4895 tate
1507 4845 1600 4909 alluto;
1624 4871 1655 4881 -
1676 4845 1709 4894 N.
1731 4843 1770 4896 Μ.

327 4928 458 4980 Peterson.
495 4929 547 4980 Det
564 4928 675 4995 dnaske,
692 4935 791 4985 norslre
814 4951 850 5001 og
873 4937 987 4990 aveaslae
1006 4942 1109 5007 sprags
1129 4938 1253 4990 nictatio.
1289 4938 1383 4991 Kbnvn
1404 4937 1478 4989 1829.
1497 4938 1557 4989 Bao.
1576 4954 1595 5000 r,
1617 4936 1648 4987 15
1665 4953 1718 5005 sqq.
1737 4964 1771 4974 -

326 5020 492 5086 Allasndling
510 5038 550 5072 am
572 5010 783 5080 nunciantium
806 5029 837 5080 al
859 5033 961 5094 Noa-ges
985 5032 1072 5095 hand,
1096 5033 1163 5083 Folk
1188 5048 1223 5096 ag
1248 5037 1347 5100 sarug,
1370 5031 1396 5083 in
1422 5032 1581 5083 Collectiane
1604 5045 1658 5099 qun
1677 5029 1773 5081 dicitnr

327 5115 433 5168 Narelia
451 5115 610 5182 Samlinger.
630 5124 690 5170 tam.
709 5133 729 5172 rr
745 5121 924 5188 (christianin
945 5121 1109 5190 1831410),
1128 5140 1185 5192 pag.
1204 5124 1357 5192 ara-5073
1377 5127 1407 5177 0.
1426 5128 1456 5178 C.
1476 5127 1557 5193 Bata,
1575 5122 1724 5193 Antiquitds
1742 5125 1773 5176 dc

325 5204 453 5274 l’0rieat,
472 5219 631 5264 monumenta
651 5215 889 5286 runograpbiqucs,
910 5217 1024 5286 Copton.
1049 5218 1122 5270 lesa.
1142 5221 1203 5271 dra.
1222 5217 1316 5272 intrad.
1335 5236 1359 5287 a.
1378 5234 1539 5272 xrr-xarnr.
