3717 5809
756 421 935 472 ramrnrm.
1515 407 1580 466 ‘stru

131 582 198 653 lilio
223 590 334 653 estate
361 583 436 652 anni
464 581 558 656 1265
585 583 773 676 composuit.
824 585 896 655 Hoc
920 583 1018 677 igitur
1042 606 1167 653 carmen
1194 583 1338 654 altimum
1365 582 1471 653 locum
1491 591 1579 652 tenet

132 728 262 799 eorum,
302 729 376 802 quae
409 730 427 776 a
459 707 561 802 poetis
596 730 686 778 more
719 708 873 802 majorum
905 710 937 778 in
963 709 1072 779 Sreciu
1098 706 1223 802 publice
1250 730 1356 778 coram
1381 702 1579 798 magnatibus

134 831 197 901 sint
221 828 410 900 declamata.
437 869 487 882 -
513 832 619 903 Series
651 854 765 924 regum
797 830 1136 925 Norvegicorum,
1176 831 1230 926 qui
1267 829 1457 901 carminibus
1490 829 1579 899 cele·

133 952 217 1023 brati
241 954 382 1046 luerunt,
422 953 462 1025 ab
488 952 629 1025 Haroldo
654 977 733 1048 rege
759 955 972 1049 pulchricomo
998 954 1120 1050 incipit,
1160 953 1249 1046 cujus
1275 977 1330 1024 ser
1357 958 1461 1049 pue‘tae
1487 951 1577 1021 aulici

132 1086 358 1167 recensentur,
397 1100 509 1150 omnes
539 1088 577 1147 ut
608 1076 732 1148 ridetur
756 1079 913 1171 Norvegi,
955 1087 989 1148 et
1020 1078 1154 1149 lortasse
1193 1101 1230 1148 er
1258 1089 1347 1173 parte
1373 1077 1455 1146 Dani
1492 1055 1580 1168 (llllr

135 1197 328 1290 Sebbssun).
363 1198 413 1266 Ex
439 1196 511 1270 filiis
537 1201 606 1294 ejus
632 1223 713 1271 unas
739 1223 758 1270 a
784 1198 909 1272 duobus
933 1200 1147 1272 celeberrimis
1166 1200 1333 1293 Nurvegiae
1360 1200 1473 1295 poetis,
1500 1198 1579 1268 alter

136 1349 153 1395 a
180 1321 307 1395 duobus
335 1320 478 1415 lslundis,
506 1322 697 1395 carminibus
724 1334 773 1394 est
793 1322 950 1418 laudatus,
977 1324 1035 1396 sed
1053 1334 1179 1395 mortuo
1191 1346 1270 1416 rege
1283 1322 1419 1394 Hulronc
1432 1317 1478 1416 (†
1491 1319 1582 1413 961)

135 1473 229 1520 nemo
249 1454 417 1543 puetarum
437 1447 613 1519 aulicorum
634 1447 814 1519 nominatur
833 1448 890 1518 nisi
903 1449 1030 1520 lslsndi.
1082 1449 1134 1520 Ab
1147 1470 1229 1519 anno
1243 1447 1340 1540 igitur
1352 1446 1479 1516 circiter
1495 1442 1579 1538 950,

134 1596 236 1668 usque
262 1570 304 1642 ad
329 1582 466 1642 mortem
492 1571 578 1664 regis
604 1571 687 1642 Eriei
713 1571 822 1665 Magni
856 1570 909 1642 filii
941 1568 988 1667 (†
1019 1570 1131 1664 1299)
1161 1572 1229 1642 baeo
1261 1569 1411 1665 periodus
1445 1567 1579 1660 durarit,

136 1720 198 1792 qua
230 1692 347 1765 lslandi
383 1695 441 1765 soli
475 1695 506 1764 in
533 1695 691 1788 Norrcgia
723 1695 828 1766 locum
858 1702 1023 1792 poetarum
1057 1696 1230 1767 aulicorum
1257 1704 1434 1766 tenuerunt
1465 1703 1498 1764 et
1529 1714 1581 1762 res

134 1831 240 1911 gestas
266 1817 457 1889 carminibus
484 1818 699 1911 celebrarunt,
726 1818 767 1889 ita
794 1830 830 1889 ut
854 1830 972 1915 preter
996 1843 1107 1890 eorum
1134 1819 1270 1890 carmina
1300 1817 1479 1911 singulares
1505 1828 1581 1888 tan-

135 1954 202 2014 tum
229 1942 369 2037 stropbae
395 1964 414 2011 a
440 1941 513 2012 viris
540 1942 716 2035 Norvegis,
755 1943 885 2036 regibus
912 1943 1112 2039 presertim,
1152 1942 1240 2038 quusi
1266 1940 1456 2013 exercitandi
1482 1943 1581 2034 gratia

135 2066 333 2161 composite,
367 2089 452 2136 nunc
485 2066 658 2161 supersint.
712 2067 792 2137 Cum
825 2088 907 2138 anno
944 2063 1038 2139 1300
1070 2068 1137 2138 hec
1169 2066 1318 2162 periodus
1357 2067 1388 2135 in
1421 2066 1580 2159 Norvegia

136 2189 225 2280 finiit,
252 2200 288 2259 et
313 2198 424 2260 notatu
452 2186 583 2282 dignam
618 2198 684 2281 est,
723 2212 833 2282 regem
867 2190 998 2261 Ericum
1036 2214 1055 2261 a
1087 2190 1228 2286 quinque
1259 2190 1360 2286 poetis
1393 2187 1582 2260 carminibus

136 2311 297 2384 laudatum
325 2335 408 2405 esse,
438 2313 570 2383 lmtrem
593 2312 661 2405 ejus
682 2311 851 2384 Halonem
877 2337 895 2384 a
920 2314 1059 2406 nemine,
1086 2312 1172 2409 quod
1198 2312 1335 2384 indicare
1361 2311 1485 2383 ridetur
1510 2335 1583 2382 eum

136 2436 297 2531 antiquam
324 2436 404 2506 banc
431 2446 465 2505 et
491 2433 700 2506 domesticam
726 2447 825 2507 artem
853 2435 1047 2532 despexisse,
1075 2445 1108 2508 et
1133 2459 1247 2508 novum
1273 2437 1443 2508 literaturae
1469 2459 1582 2530 genus,

135 2560 330 2631 uenationes
363 2557 485 2630 scilicet
517 2558 695 2650 fabulosas,
735 2583 753 2629 a
785 2561 934 2653 gentibus
960 2561 1111 2633 Romanis
1141 2560 1206 2652 jam
1237 2558 1357 2630 dudum
1388 2560 1419 2629 in
1451 2570 1584 2654 septen·

132 2684 267 2754 trionem
293 2683 472 2777 prolectas,
500 2683 604 2775 magis
629 2682 777 2753 coluisse.
835 2675 922 2754 luter
947 2696 1110 2777 magnetes
1135 2684 1303 2776 Norvegiae
1330 2683 1486 2753 neminem
1512 2692 1585 2777 pust

134 2805 245 2877 ducem
272 2807 417 2878 Slulium
443 2803 491 2901 (†
522 2801 659 2897 1240),
693 2806 841 2877 comitem
865 2809 1008 2878 Knutum
1033 2808 1176 2878 Habonis
1207 2807 1307 2877 filium
1338 2801 1385 2901 (†
1415 2805 1526 2898 1261)
1551 2817 1583 2877 et

134 2931 269 3001 Gaulum
283 2930 376 3001 lonae
388 2930 568 3001 Melensem
593 2925 641 3023 (l-
671 2927 783 3021 1270)
807 2931 996 3003 carminibus
1021 2930 1215 3003 celebratum
1242 2954 1313 3002 esse
1338 2931 1585 3001 invenimus.-

134 3054 218 3123 lnter
241 3055 445 3124 Danorum
468 3075 565 3145 reges
580 3054 702 3124 Svenus
729 3052 935 3126 luroobarbus
961 3049 1008 3148 (p
1028 3051 1139 3148 1014)
1164 3054 1282 3149 primus
1309 3064 1503 3141 numeratur,
1530 3056 1584 3148 qui

133 3200 151 3245 a
175 3183 270 3272 poeto
295 3174 426 3247 lslando
454 3177 569 3247 Ottore
596 3176 687 3269 nigro
713 3177 851 3248 carmine
884 3175 1030 3249 laudatus
1057 3180 1115 3269 sit,
1153 3177 1283 3248 ultimus
1310 3200 1385 3247 vero
1410 3176 1584 3249 Valdema·

134 3323 187 3371 ms
218 3300 378 3372 secundus
412 3297 461 3396 (†
499 3295 624 3390 1241).
690 3302 725 3370 ln
752 3301 898 3392 Anglia
933 3301 1140 3372 Atbelstanus
1171 3309 1203 3372 et
1227 3300 1436 3393 Etbelredus,
1477 3303 1584 3373 seculo

134 3423 253 3495 decimo
279 3435 314 3496 et
337 3425 423 3495 circa
448 3423 570 3493 initium
596 3424 693 3493 seculi
718 3423 886 3516 undecimi,
915 3447 933 3493 u
958 3423 1061 3517 poetis
1088 3422 1300 3494 celeberrimis
1325 3423 1429 3517 Egilio
1456 3424 1583 3497 Slmlla·

134 3548 221 3641 gnimi
248 3558 281 3618 ot
307 3548 481 3640 Gunnlogo
507 3546 704 3639 vermilingui
728 3547 918 3618 carminibus
943 3547 1197 3618 celebrabuntur.
1247 3549 1296 3616 Er
1323 3546 1370 3617 bis
1390 3548 1539 3643 exemplis
1559 3552 1584 3622 si

135 3670 281 3767 periodus
301 3669 453 3742 historico
474 3670 588 3764 linguae
608 3682 640 3741 et
661 3676 797 3766 poiseus
817 3671 848 3740 iu
868 3694 967 3740 annos
989 3668 1166 3740 definienda
1186 3681 1282 3757 esset,
1305 3671 1335 3740 in
1350 3670 1462 3765 Angliu
1482 3695 1584 3769 usque

135 3793 174 3864 ad
205 3794 449 3889 occupationem
474 3794 728 3888 Normunnicam,
761 3795 825 3865 sive
858 3793 898 3864 nd
923 3792 1063 3864 medium
1090 3816 1191 3888 usque
1217 3795 1357 3864 seculum
1383 3792 1582 3867 undecimum

135 3917 275 4009 durarit,
301 3918 333 3988 iu
361 3917 468 3989 Dunia
495 3928 528 3988 et
553 3917 661 3989 Suesia
687 3916 725 3988 ad
752 3916 890 3988 medium
918 3939 1020 4012 usque
1047 3916 1144 3986 seculi
1171 3917 1253 3987 tertii
1280 3916 1410 4009 decimi,
1438 3919 1468 3989 iu
1494 3922 1583 3991 Nor-

137 4043 224 4136 regia
241 4041 395 4113 adfinem
412 4038 555 4134 ejusdem
569 4040 679 4135 seculi,
707 4040 771 4112 sive
785 4040 824 4111 ad
837 4040 959 4111 initium
973 4039 1069 4110 seculi
1083 4039 1225 4134 proxime
1238 4041 1411 4134 sequentis.
1449 4043 1583 4114 Disces-

136 4189 188 4236 sus
213 4171 382 4260 poetarum
414 4188 453 4235 ex
478 4165 555 4236 aulis
587 4165 683 4258 regiis
709 4187 781 4235 cum
812 4163 1030 4234 immutatione
1063 4163 1160 4233 moris
1192 4162 1346 4256 mujomm
1379 4166 1583 4237 mutationem

137 4288 249 4382 lingum
273 4286 402 4381 indicet,
434 4311 507 4385 quae
533 4288 649 4360 sensim
675 4288 857 4382 sensimque
883 4284 1007 4357 aliunde
1034 4284 1154 4356 denota
1180 4297 1213 4357 ct
1233 4285 1408 4379 debilitata,
1435 4289 1465 4358 in
1479 4288 1583 4359 lslaa·

136 4409 217 4483 diam
243 4411 335 4508 quasi
360 4411 393 4481 in
428 4413 574 4483 ultimum
606 4410 771 4483 rostellum
805 4433 840 4489 se
872 4409 1006 4503 recepit,
1044 4408 1099 4480 ubi
1131 4431 1194 4479 uon
1226 4409 1329 4480 minus
1360 4433 1455 4505 qnam
1492 4422 1584 4482 anteo
1665 4469 1671 4484 .

137 4535 258 4605 exculto
284 4534 342 4605 luit
367 4533 401 4607 el
431 4546 545 4607 amata.
596 4538 639 4608 Ut
664 4542 756 4606 antea
776 4556 814 4604 ex
835 4531 970 4603 maxima
990 4540 1080 4626 parte
1102 4554 1195 4625 reges
1216 4543 1250 4604 et
1268 4545 1429 4627 magnates
1444 4545 1583 4619 exteros,

137 4658 177 4729 ita
202 4682 285 4731 nune
303 4664 416 4754 poeta:
434 4654 552 4730 Islnndi
578 4658 710 4730 Mariam
736 4656 898 4750 virginem,
926 4663 1065 4726 sanctam
1091 4656 1239 4748 Cmcem,
1266 4669 1390 4729 sanctos
1411 4658 1582 4752 Apostolos

139 4782 338 4877 etblartpres
365 4780 561 4854 carminibus
587 4780 749 4852 celebrare
776 4779 973 4875 inceperunt,
999 4800 1133 4872 quorum
1163 4780 1334 4851 carminum
1362 4803 1472 4874 magna
1495 4781 1583 4850 mul-

138 4903 237 4975 titudo
262 4904 367 4977 adhuc
387 4904 510 4976 inedita
534 4905 565 4975 in
592 4904 679 4977 libris
705 4901 924 4997 manuscriptis
951 4911 1141 4973 asservatur.
1194 4905 1369 4996 Ceterum,
1408 4903 1466 4973 nisi
1492 4903 1582 4973 nimis

139 5027 231 5123 longe
256 5052 275 5100 a
300 5040 419 5101 nestun
445 5028 608 5124 proposito
633 5028 784 5120 abesset,
824 5049 862 5097 ex
889 5026 975 5096 omni
1000 5025 1107 5097 seculo
1139 5027 1266 5098 nomino
1297 5050 1408 5098 eorum
1440 5025 1583 5120 prolerre

139 5175 318 5246 possemus,
360 5151 421 5248 qrri
448 5152 604 5246 poeticum
631 5161 755 5241 ortem,
794 5173 857 5220 non
883 5159 920 5220 ut
943 5149 1117 5221 imitatores
1153 5148 1210 5221 sed
1241 5160 1277 5220 ut
1308 5148 1399 5222 liberi
1430 5147 1582 5237 cultores,

140 5297 225 5346 more
249 5276 415 5369 majorum
442 5286 662 5346 exercuerunt.
791 5285 793 5292 “
