<?xml version="1.0" encoding="UTF-8"?>
<!DOCTYPE html PUBLIC "-//W3C//DTD XHTML 1.0 Transitional//EN"
    "http://www.w3.org/TR/xhtml1/DTD/xhtml1-transitional.dtd">
<html xmlns="http://www.w3.org/1999/xhtml" xml:lang="en" lang="en">
 <head>
  <title>
</title>
<meta http-equiv="Content-Type" content="text/html;charset=utf-8" />
  <meta name='ocr-system' content='tesseract 3.04.00' />
  <meta name='ocr-capabilities' content='ocr_page ocr_carea ocr_par ocr_line ocrx_word'/>
</head>
<body>
  <div class='ocr_page' id='page_1' title='image "./lexiconpoticuma00copegoog_0017.png"; bbox 0 0 3717 5809; ppageno 0'>
   <div class='ocr_carea' id='block_1_1' title="bbox 786 449 1591 511">
    <p class='ocr_par' dir='ltr' id='par_1_1' title="bbox 786 449 1591 511">
     <span class='ocr_line' id='line_1_1' title="bbox 786 449 1591 511; baseline -0.007 0"><span class='ocrx_word' id='word_1_1' title='bbox 786 449 964 511; x_wconf 75' lang='lat' dir='ltr'><strong>uumrnrro.</strong></span> <span class='ocrx_word' id='word_1_2' title='bbox 1555 449 1591 506; x_wconf 76' lang='lat' dir='ltr'><strong>&#39;xr</strong></span> 
     </span>
    </p>
   </div>
   <div class='ocr_carea' id='block_1_2' title="bbox 148 622 1594 4674">
    <p class='ocr_par' dir='ltr' id='par_1_2' title="bbox 149 622 1594 3928">
     <span class='ocr_line' id='line_1_2' title="bbox 150 622 1594 722; baseline 0 -30"><span class='ocrx_word' id='word_1_3' title='bbox 150 623 243 693; x_wconf 81' lang='lat' dir='ltr'><strong>lter:</strong></span> <span class='ocrx_word' id='word_1_4' title='bbox 272 645 341 719; x_wconf 64' lang='lat' dir='ltr'><strong>⁸cur</strong></span> <span class='ocrx_word' id='word_1_5' title='bbox 368 635 443 696; x_wconf 91' lang='lat' dir='ltr'><strong>tuuc</strong></span> <span class='ocrx_word' id='word_1_6' title='bbox 469 626 571 721; x_wconf 89' lang='lat' dir='ltr'><strong>potius</strong></span> <span class='ocrx_word' id='word_1_7' title='bbox 604 649 697 721; x_wconf 91' lang='lat' dir='ltr'><strong>quum</strong></span> <span class='ocrx_word' id='word_1_8' title='bbox 732 624 858 697; x_wconf 70' lang='lat' dir='ltr'><strong>nunci&#39;</strong></span> <span class='ocrx_word' id='word_1_9' title='bbox 909 629 1049 698; x_wconf 89' lang='lat' dir='ltr'><strong>Sturus:</strong></span> <span class='ocrx_word' id='word_1_10' title='bbox 1091 626 1173 722; x_wconf 67' lang='lat' dir='ltr'><strong>,quia</strong></span> <span class='ocrx_word' id='word_1_11' title='bbox 1200 626 1311 717; x_wconf 80' lang='lat' dir='ltr'><strong>velim,</strong></span> <span class='ocrx_word' id='word_1_12' title='bbox 1351 633 1414 694; x_wconf 90' lang='lat' dir='ltr'><strong>tam</strong></span> <span class='ocrx_word' id='word_1_13' title='bbox 1447 622 1594 695; x_wconf 87' lang='lat' dir='ltr'><strong>oblecta·</strong></span> 
     </span>
     <span class='ocr_line' id='line_1_3' title="bbox 150 745 1591 844; baseline 0 -30"><span class='ocrx_word' id='word_1_14' title='bbox 150 745 295 838; x_wconf 87' lang='lat' dir='ltr'><strong>tionem,</strong></span> <span class='ocrx_word' id='word_1_15' title='bbox 323 772 420 842; x_wconf 90' lang='lat' dir='ltr'><strong>quum</strong></span> <span class='ocrx_word' id='word_1_16' title='bbox 446 759 550 820; x_wconf 87' lang='lat' dir='ltr'><strong>cetera</strong></span> <span class='ocrx_word' id='word_1_17' title='bbox 577 749 692 836; x_wconf 90' lang='lat' dir='ltr'><strong>omnia,</strong></span> <span class='ocrx_word' id='word_1_18' title='bbox 719 771 790 843; x_wconf 83' lang='lat' dir='ltr'><strong>quae</strong></span> <span class='ocrx_word' id='word_1_19' title='bbox 815 749 853 820; x_wconf 91' lang='lat' dir='ltr'><strong>ad</strong></span> <span class='ocrx_word' id='word_1_20' title='bbox 880 773 931 820; x_wconf 90' lang='lat' dir='ltr'><strong>me</strong></span> <span class='ocrx_word' id='word_1_21' title='bbox 959 750 1140 844; x_wconf 79' lang='lat' dir='ltr'><strong>pertinent,</strong></span> <span class='ocrx_word' id='word_1_22' title='bbox 1174 749 1229 820; x_wconf 89' lang='lat' dir='ltr'><strong>tibi</strong></span> <span class='ocrx_word' id='word_1_23' title='bbox 1256 771 1295 818; x_wconf 89' lang='lat' dir='ltr'><strong>eo</strong></span> <span class='ocrx_word' id='word_1_24' title='bbox 1323 747 1435 818; x_wconf 90' lang='lat' dir='ltr'><strong>melius</strong></span> <span class='ocrx_word' id='word_1_25' title='bbox 1457 747 1591 841; x_wconf 88' lang='lat' dir='ltr'><strong>placere,</strong></span> 
     </span>
     <span class='ocr_line' id='line_1_4' title="bbox 151 870 1592 967; baseline -0.001 -29"><span class='ocrx_word' id='word_1_26' title='bbox 151 892 214 962; x_wconf 92' lang='lat' dir='ltr'><strong>quo</strong></span> <span class='ocrx_word' id='word_1_27' title='bbox 247 892 285 938; x_wconf 87' lang='lat' dir='ltr'><strong>eu</strong></span> <span class='ocrx_word' id='word_1_28' title='bbox 312 871 423 942; x_wconf 86' lang='lat' dir='ltr'><strong>audias</strong></span> <span class='ocrx_word' id='word_1_29' title='bbox 449 871 565 944; x_wconf 91' lang='lat' dir='ltr'><strong>diutius</strong></span> <span class='ocrx_word' id='word_1_30' title='bbox 592 870 770 967; x_wconf 83' lang='lat' dir='ltr'><strong>meliusque</strong></span> <span class='ocrx_word' id='word_1_31' title='bbox 804 873 1008 966; x_wconf 84' lang='lat' dir='ltr'><strong>cognoscas’&#39;.</strong></span> <span class='ocrx_word' id='word_1_32' title='bbox 1071 873 1211 967; x_wconf 81' lang='lat' dir='ltr'><strong>[Scripta</strong></span> <span class='ocrx_word' id='word_1_33' title='bbox 1250 872 1358 942; x_wconf 82' lang='lat' dir='ltr'><strong>histor.</strong></span> <span class='ocrx_word' id='word_1_34' title='bbox 1395 870 1510 940; x_wconf 88' lang='lat' dir='ltr'><strong>lsland.</strong></span> <span class='ocrx_word' id='word_1_35' title='bbox 1537 894 1592 961; x_wconf 88' lang='lat' dir='ltr'><strong>vr,</strong></span> 
     </span>
     <span class='ocr_line' id='line_1_5' title="bbox 151 988 1588 1091; baseline -0.001 -30"><span class='ocrx_word' id='word_1_36' title='bbox 151 988 377 1086; x_wconf 84' lang='lat'><strong>361-364).</strong></span> <span class='ocrx_word' id='word_1_37' title='bbox 440 998 555 1066; x_wconf 85' lang='lat' dir='ltr'><strong>Sturus</strong></span> <span class='ocrx_word' id='word_1_38' title='bbox 588 995 702 1066; x_wconf 90' lang='lat' dir='ltr'><strong>deinde</strong></span> <span class='ocrx_word' id='word_1_39' title='bbox 729 1002 821 1090; x_wconf 75' lang='lat' dir='ltr'><strong>potita</strong></span> <span class='ocrx_word' id='word_1_40' title='bbox 847 996 978 1067; x_wconf 87' lang='lat' dir='ltr'><strong>Haraldi</strong></span> <span class='ocrx_word' id='word_1_41' title='bbox 1005 996 1089 1089; x_wconf 85' lang='lat' dir='ltr'><strong>regis</strong></span> <span class='ocrx_word' id='word_1_42' title='bbox 1117 996 1227 1083; x_wconf 89' lang='lat' dir='ltr'><strong>lactus,</strong></span> <span class='ocrx_word' id='word_1_43' title='bbox 1254 993 1431 1091; x_wconf 87' lang='lat' dir='ltr'><strong>epicedium</strong></span> <span class='ocrx_word' id='word_1_44' title='bbox 1457 993 1487 1060; x_wconf 90' lang='lat' dir='ltr'><strong>in</strong></span> <span class='ocrx_word' id='word_1_45' title='bbox 1514 1014 1588 1061; x_wconf 90' lang='lat' dir='ltr'><strong>eum</strong></span> 
     </span>
     <span class='ocr_line' id='line_1_6' title="bbox 152 1114 1588 1214; baseline 0 -32"><span class='ocrx_word' id='word_1_46' title='bbox 152 1123 261 1206; x_wconf 86' lang='lat' dir='ltr'><strong>postea</strong></span> <span class='ocrx_word' id='word_1_47' title='bbox 288 1119 482 1214; x_wconf 78' lang='lat' dir='ltr'><strong>composuit,</strong></span> <span class='ocrx_word' id='word_1_48' title='bbox 510 1118 596 1214; x_wconf 94' lang='lat' dir='ltr'><strong>quod</strong></span> <span class='ocrx_word' id='word_1_49' title='bbox 622 1117 823 1214; x_wconf 77' lang='lat' dir='ltr'><strong>Stdlsdrdpa,</strong></span> <span class='ocrx_word' id='word_1_50' title='bbox 850 1122 914 1191; x_wconf 84' lang='lat' dir='ltr'><strong>sire</strong></span> <span class='ocrx_word' id='word_1_51' title='bbox 942 1119 1042 1211; x_wconf 86' lang='lat' dir='ltr'><strong>Stdla,</strong></span> <span class='ocrx_word' id='word_1_52' title='bbox 1069 1119 1297 1213; x_wconf 79' lang='lat' dir='ltr'><strong>appellabatur.</strong></span> <span class='ocrx_word' id='word_1_53' title='bbox 1350 1120 1427 1187; x_wconf 86' lang='lat' dir='ltr'><strong>ttaec</strong></span> <span class='ocrx_word' id='word_1_54' title='bbox 1454 1114 1588 1185; x_wconf 91' lang='lat' dir='ltr'><strong>narratio</strong></span> 
     </span>
     <span class='ocr_line' id='line_1_7' title="bbox 151 1235 1588 1340; baseline -0.001 -34"><span class='ocrx_word' id='word_1_55' title='bbox 151 1235 190 1307; x_wconf 90' lang='lat' dir='ltr'><strong>de</strong></span> <span class='ocrx_word' id='word_1_56' title='bbox 204 1240 302 1308; x_wconf 83' lang='lat' dir='ltr'><strong>Stura</strong></span> <span class='ocrx_word' id='word_1_57' title='bbox 324 1248 418 1335; x_wconf 80' lang='lat' dir='ltr'><strong>poure</strong></span> <span class='ocrx_word' id='word_1_58' title='bbox 445 1243 575 1334; x_wconf 84' lang='lat' dir='ltr'><strong>egregie</strong></span> <span class='ocrx_word' id='word_1_59' title='bbox 601 1241 693 1312; x_wconf 87' lang='lat' dir='ltr'><strong>nobis</strong></span> <span class='ocrx_word' id='word_1_60' title='bbox 719 1242 923 1337; x_wconf 89' lang='lat' dir='ltr'><strong>demonstrat,</strong></span> <span class='ocrx_word' id='word_1_61' title='bbox 951 1267 1015 1340; x_wconf 93' lang='lat' dir='ltr'><strong>quo</strong></span> <span class='ocrx_word' id='word_1_62' title='bbox 1041 1241 1137 1313; x_wconf 89' lang='lat' dir='ltr'><strong>modu</strong></span> <span class='ocrx_word' id='word_1_63' title='bbox 1164 1243 1230 1313; x_wconf 90' lang='lat' dir='ltr'><strong>istis</strong></span> <span class='ocrx_word' id='word_1_64' title='bbox 1258 1239 1453 1337; x_wconf 81' lang='lat' dir='ltr'><strong>temporibus</strong></span> <span class='ocrx_word' id='word_1_65' title='bbox 1479 1237 1588 1309; x_wconf 89' lang='lat' dir='ltr'><strong>notitia</strong></span> 
     </span>
     <span class='ocr_line' id='line_1_8' title="bbox 149 1361 1592 1458; baseline 0 -29"><span class='ocrx_word' id='word_1_66' title='bbox 149 1361 196 1430; x_wconf 87' lang='lat' dir='ltr'><strong>rei</strong></span> <span class='ocrx_word' id='word_1_67' title='bbox 235 1362 382 1434; x_wconf 82' lang='lat' dir='ltr'><strong>literarire</strong></span> <span class='ocrx_word' id='word_1_68' title='bbox 422 1365 550 1436; x_wconf 88' lang='lat' dir='ltr'><strong>collecta</strong></span> <span class='ocrx_word' id='word_1_69' title='bbox 576 1367 682 1437; x_wconf 88' lang='lat' dir='ltr'><strong>luerit.</strong></span> <span class='ocrx_word' id='word_1_70' title='bbox 735 1367 822 1437; x_wconf 87' lang='lat' dir='ltr'><strong>Sicut</strong></span> <span class='ocrx_word' id='word_1_71' title='bbox 855 1367 909 1436; x_wconf 87' lang='lat' dir='ltr'><strong>riri</strong></span> <span class='ocrx_word' id='word_1_72' title='bbox 945 1366 1058 1438; x_wconf 88' lang='lat' dir='ltr'><strong>curiosi</strong></span> <span class='ocrx_word' id='word_1_73' title='bbox 1091 1367 1214 1436; x_wconf 92' lang='lat' dir='ltr'><strong>comitia</strong></span> <span class='ocrx_word' id='word_1_74' title='bbox 1248 1365 1405 1458; x_wconf 84' lang='lat' dir='ltr'><strong>generalia</strong></span> <span class='ocrx_word' id='word_1_75' title='bbox 1434 1372 1466 1432; x_wconf 90' lang='lat' dir='ltr'><strong>et</strong></span> <span class='ocrx_word' id='word_1_76' title='bbox 1492 1369 1592 1432; x_wconf 80' lang='lat' dir='ltr'><strong>cutus</strong></span> 
     </span>
     <span class='ocr_line' id='line_1_9' title="bbox 150 1484 1591 1584; baseline -0.002 -30"><span class='ocrx_word' id='word_1_77' title='bbox 150 1486 311 1556; x_wconf 93' lang='lat' dir='ltr'><strong>bominum</strong></span> <span class='ocrx_word' id='word_1_78' title='bbox 338 1489 452 1558; x_wconf 89' lang='lat' dir='ltr'><strong>iterum</strong></span> <span class='ocrx_word' id='word_1_79' title='bbox 479 1500 574 1583; x_wconf 91' lang='lat' dir='ltr'><strong>atque</strong></span> <span class='ocrx_word' id='word_1_80' title='bbox 600 1488 714 1559; x_wconf 90' lang='lat' dir='ltr'><strong>iterum</strong></span> <span class='ocrx_word' id='word_1_81' title='bbox 743 1489 993 1584; x_wconf 76' lang='lat' dir='ltr'><strong>frequentarunt,</strong></span> <span class='ocrx_word' id='word_1_82' title='bbox 1021 1513 1059 1560; x_wconf 92' lang='lat' dir='ltr'><strong>eo</strong></span> <span class='ocrx_word' id='word_1_83' title='bbox 1087 1491 1161 1583; x_wconf 88' lang='lat' dir='ltr'><strong>fine,</strong></span> <span class='ocrx_word' id='word_1_84' title='bbox 1188 1501 1224 1561; x_wconf 90' lang='lat' dir='ltr'><strong>ut</strong></span> <span class='ocrx_word' id='word_1_85' title='bbox 1243 1489 1419 1560; x_wconf 77' lang='lat' dir='ltr'><strong>omnifarius</strong></span> <span class='ocrx_word' id='word_1_86' title='bbox 1441 1485 1483 1556; x_wconf 91' lang='lat' dir='ltr'><strong>ibi</strong></span> <span class='ocrx_word' id='word_1_87' title='bbox 1502 1484 1591 1552; x_wconf 92' lang='lat' dir='ltr'><strong>rela-</strong></span> 
     </span>
     <span class='ocr_line' id='line_1_10' title="bbox 153 1593 1591 1709; baseline -0.003 -30"><span class='ocrx_word' id='word_1_88' title='bbox 153 1610 252 1680; x_wconf 90' lang='lat' dir='ltr'><strong>tiones</strong></span> <span class='ocrx_word' id='word_1_89' title='bbox 288 1621 321 1682; x_wconf 85' lang='lat' dir='ltr'><strong>et</strong></span> <span class='ocrx_word' id='word_1_90' title='bbox 353 1612 547 1682; x_wconf 82' lang='lat' dir='ltr'><strong>narrationes</strong></span> <span class='ocrx_word' id='word_1_91' title='bbox 580 1612 689 1683; x_wconf 89' lang='lat' dir='ltr'><strong>audire</strong></span> <span class='ocrx_word' id='word_1_92' title='bbox 724 1624 757 1684; x_wconf 91' lang='lat' dir='ltr'><strong>et</strong></span> <span class='ocrx_word' id='word_1_93' title='bbox 789 1613 909 1684; x_wconf 88' lang='lat' dir='ltr'><strong>discere</strong></span> <span class='ocrx_word' id='word_1_94' title='bbox 938 1625 1088 1709; x_wconf 90' lang='lat' dir='ltr'><strong>possent,</strong></span> <span class='ocrx_word' id='word_1_95' title='bbox 1128 1593 1241 1686; x_wconf 91' lang='lat' dir='ltr'><strong>deinde</strong></span> <span class='ocrx_word' id='word_1_96' title='bbox 1267 1636 1342 1683; x_wconf 86' lang='lat' dir='ltr'><strong>rero</strong></span> <span class='ocrx_word' id='word_1_97' title='bbox 1369 1608 1499 1681; x_wconf 91' lang='lat' dir='ltr'><strong>eusdem</strong></span> <span class='ocrx_word' id='word_1_98' title='bbox 1525 1606 1591 1677; x_wconf 91' lang='lat' dir='ltr'><strong>aliis</strong></span> 
     </span>
     <span class='ocr_line' id='line_1_11' title="bbox 151 1726 1590 1830; baseline -0.001 -29"><span class='ocrx_word' id='word_1_99' title='bbox 151 1733 319 1805; x_wconf 75' lang='lat' dir='ltr'><strong>referendo</strong></span> <span class='ocrx_word' id='word_1_100' title='bbox 345 1745 446 1806; x_wconf 86' lang='lat' dir='ltr'><strong>artem</strong></span> <span class='ocrx_word' id='word_1_101' title='bbox 473 1735 651 1807; x_wconf 86' lang='lat' dir='ltr'><strong>historicam</strong></span> <span class='ocrx_word' id='word_1_102' title='bbox 678 1738 744 1807; x_wconf 86' lang='lat' dir='ltr'><strong>riva</strong></span> <span class='ocrx_word' id='word_1_103' title='bbox 770 1760 846 1810; x_wconf 82' lang='lat' dir='ltr'><strong>voce</strong></span> <span class='ocrx_word' id='word_1_104' title='bbox 874 1737 1049 1809; x_wconf 88' lang='lat' dir='ltr'><strong>didicerunt</strong></span> <span class='ocrx_word' id='word_1_105' title='bbox 1076 1748 1108 1810; x_wconf 89' lang='lat' dir='ltr'><strong>et</strong></span> <span class='ocrx_word' id='word_1_106' title='bbox 1142 1739 1310 1830; x_wconf 83' lang='lat' dir='ltr'><strong>diligenter</strong></span> <span class='ocrx_word' id='word_1_107' title='bbox 1342 1726 1590 1819; x_wconf 83' lang='lat' dir='ltr'><strong>exercuerunt¹,</strong></span> 
     </span>
     <span class='ocr_line' id='line_1_12' title="bbox 152 1856 1589 1958; baseline -0.001 -33"><span class='ocrx_word' id='word_1_108' title='bbox 152 1856 192 1926; x_wconf 83' lang='lat' dir='ltr'><strong>ita</strong></span> <span class='ocrx_word' id='word_1_109' title='bbox 213 1858 307 1929; x_wconf 89' lang='lat' dir='ltr'><strong>etiam</strong></span> <span class='ocrx_word' id='word_1_110' title='bbox 334 1860 368 1950; x_wconf 88' lang='lat' dir='ltr'><strong>ii,</strong></span> <span class='ocrx_word' id='word_1_111' title='bbox 395 1860 448 1954; x_wconf 90' lang='lat' dir='ltr'><strong>qui</strong></span> <span class='ocrx_word' id='word_1_112' title='bbox 474 1883 509 1930; x_wconf 91' lang='lat' dir='ltr'><strong>se</strong></span> <span class='ocrx_word' id='word_1_113' title='bbox 536 1862 595 1931; x_wconf 89' lang='lat' dir='ltr'><strong>arti</strong></span> <span class='ocrx_word' id='word_1_114' title='bbox 621 1862 753 1958; x_wconf 72' lang='lat' dir='ltr'><strong>poeticae</strong></span> <span class='ocrx_word' id='word_1_115' title='bbox 779 1859 897 1931; x_wconf 83' lang='lat' dir='ltr'><strong>dedere</strong></span> <span class='ocrx_word' id='word_1_116' title='bbox 923 1861 1101 1954; x_wconf 82' lang='lat' dir='ltr'><strong>voluerunt,</strong></span> <span class='ocrx_word' id='word_1_117' title='bbox 1129 1885 1274 1954; x_wconf 86' lang='lat' dir='ltr'><strong>magnum</strong></span> <span class='ocrx_word' id='word_1_118' title='bbox 1300 1860 1420 1954; x_wconf 87' lang='lat' dir='ltr'><strong>copiam</strong></span> <span class='ocrx_word' id='word_1_119' title='bbox 1447 1866 1589 1926; x_wconf 85' lang='lat' dir='ltr'><strong>veterum</strong></span> 
     </span>
     <span class='ocr_line' id='line_1_13' title="bbox 152 1978 1590 2079; baseline -0.003 -29"><span class='ocrx_word' id='word_1_120' title='bbox 152 1982 325 2052; x_wconf 83' lang='lat' dir='ltr'><strong>carminum</strong></span> <span class='ocrx_word' id='word_1_121' title='bbox 353 1983 474 2053; x_wconf 87' lang='lat' dir='ltr'><strong>discere</strong></span> <span class='ocrx_word' id='word_1_122' title='bbox 500 1994 534 2053; x_wconf 89' lang='lat' dir='ltr'><strong>et</strong></span> <span class='ocrx_word' id='word_1_123' title='bbox 559 1983 735 2056; x_wconf 76' lang='lat' dir='ltr'><strong>declamare</strong></span> <span class='ocrx_word' id='word_1_124' title='bbox 762 2009 797 2055; x_wconf 89' lang='lat' dir='ltr'><strong>se</strong></span> <span class='ocrx_word' id='word_1_125' title='bbox 824 1985 1069 2077; x_wconf 79' lang='lat' dir='ltr'><strong>assuefecerant,</strong></span> <span class='ocrx_word' id='word_1_126' title='bbox 1096 1995 1132 2056; x_wconf 92' lang='lat' dir='ltr'><strong>ut</strong></span> <span class='ocrx_word' id='word_1_127' title='bbox 1157 1984 1229 2054; x_wconf 92' lang='lat' dir='ltr'><strong>inde</strong></span> <span class='ocrx_word' id='word_1_128' title='bbox 1256 1983 1429 2079; x_wconf 62' lang='lat' dir='ltr'><strong>„dictiones</strong></span> <span class='ocrx_word' id='word_1_129' title='bbox 1451 1978 1590 2075; x_wconf 77' lang='lat' dir='ltr'><strong>poeticas</strong></span> 
     </span>
     <span class='ocr_line' id='line_1_14' title="bbox 261 2096 1589 2205; baseline 0 -33"><span class='ocrx_word' id='word_1_130' title='bbox 261 2104 330 2198; x_wconf 82' lang='lat' dir='ltr'><strong>(et)</strong></span> <span class='ocrx_word' id='word_1_131' title='bbox 354 2106 475 2201; x_wconf 91' lang='lat' dir='ltr'><strong>copiam</strong></span> <span class='ocrx_word' id='word_1_132' title='bbox 503 2106 672 2178; x_wconf 85' lang='lat' dir='ltr'><strong>verborum</strong></span> <span class='ocrx_word' id='word_1_133' title='bbox 699 2132 833 2179; x_wconf 87' lang='lat' dir='ltr'><strong>unacum</strong></span> <span class='ocrx_word' id='word_1_134' title='bbox 859 2111 990 2179; x_wconf 80' lang='lat' dir='ltr'><strong>vetustis</strong></span> <span class='ocrx_word' id='word_1_135' title='bbox 1018 2107 1280 2205; x_wconf 85' lang='lat' dir='ltr'><strong>appellationibus</strong></span> <span class='ocrx_word' id='word_1_136' title='bbox 1306 2106 1365 2177; x_wconf 88' lang='lat' dir='ltr'><strong>sibi</strong></span> <span class='ocrx_word' id='word_1_137' title='bbox 1385 2096 1589 2198; x_wconf 87' lang='lat' dir='ltr'><strong>comparare’&#39;</strong></span> 
     </span>
     <span class='ocr_line' id='line_1_15' title="bbox 153 2225 1590 2327; baseline -0.003 -29"><span class='ocrx_word' id='word_1_138' title='bbox 153 2225 325 2323; x_wconf 77' lang='lat' dir='ltr'><strong>possent⁹.</strong></span> <span class='ocrx_word' id='word_1_139' title='bbox 377 2233 448 2301; x_wconf 89' lang='lat' dir='ltr'><strong>Non</strong></span> <span class='ocrx_word' id='word_1_140' title='bbox 475 2230 570 2324; x_wconf 84' lang='lat' dir='ltr'><strong>igitur</strong></span> <span class='ocrx_word' id='word_1_141' title='bbox 595 2232 707 2302; x_wconf 87' lang='lat' dir='ltr'><strong>mimm</strong></span> <span class='ocrx_word' id='word_1_142' title='bbox 735 2244 802 2326; x_wconf 88' lang='lat' dir='ltr'><strong>est,</strong></span> <span class='ocrx_word' id='word_1_143' title='bbox 837 2231 922 2327; x_wconf 90' lang='lat' dir='ltr'><strong>quod</strong></span> <span class='ocrx_word' id='word_1_144' title='bbox 958 2243 990 2304; x_wconf 91' lang='lat' dir='ltr'><strong>et</strong></span> <span class='ocrx_word' id='word_1_145' title='bbox 1023 2233 1187 2305; x_wconf 87' lang='lat' dir='ltr'><strong>Snorrium</strong></span> <span class='ocrx_word' id='word_1_146' title='bbox 1214 2242 1247 2302; x_wconf 89' lang='lat' dir='ltr'><strong>et</strong></span> <span class='ocrx_word' id='word_1_147' title='bbox 1273 2229 1495 2304; x_wconf 87' lang='lat' dir='ltr'><strong>consobrinum</strong></span> <span class='ocrx_word' id='word_1_148' title='bbox 1522 2226 1590 2319; x_wconf 89' lang='lat' dir='ltr'><strong>ejus</strong></span> 
     </span>
     <span class='ocr_line' id='line_1_16' title="bbox 154 2349 1590 2451; baseline -0.004 -28"><span class='ocrx_word' id='word_1_149' title='bbox 154 2352 285 2423; x_wconf 84' lang='lat' dir='ltr'><strong>Olarum</strong></span> <span class='ocrx_word' id='word_1_150' title='bbox 317 2352 491 2425; x_wconf 83' lang='lat' dir='ltr'><strong>britaslrdld</strong></span> <span class='ocrx_word' id='word_1_151' title='bbox 525 2364 643 2426; x_wconf 89' lang='lat' dir='ltr'><strong>tantam</strong></span> <span class='ocrx_word' id='word_1_152' title='bbox 676 2357 797 2451; x_wconf 90' lang='lat' dir='ltr'><strong>copiam</strong></span> <span class='ocrx_word' id='word_1_153' title='bbox 832 2357 1004 2426; x_wconf 86' lang='lat' dir='ltr'><strong>carminum</strong></span> <span class='ocrx_word' id='word_1_154' title='bbox 1039 2357 1174 2449; x_wconf 85' lang='lat' dir='ltr'><strong>allegare</strong></span> <span class='ocrx_word' id='word_1_155' title='bbox 1210 2367 1243 2427; x_wconf 87' lang='lat' dir='ltr'><strong>ct</strong></span> <span class='ocrx_word' id='word_1_156' title='bbox 1268 2355 1410 2450; x_wconf 84' lang='lat' dir='ltr'><strong>exemplu</strong></span> <span class='ocrx_word' id='word_1_157' title='bbox 1437 2349 1590 2446; x_wconf 83' lang='lat' dir='ltr'><strong>exquisita</strong></span> 
     </span>
     <span class='ocr_line' id='line_1_17' title="bbox 154 2474 1591 2570; baseline -0.003 -26"><span class='ocrx_word' id='word_1_158' title='bbox 154 2474 223 2545; x_wconf 91' lang='lat' dir='ltr'><strong>inde</strong></span> <span class='ocrx_word' id='word_1_159' title='bbox 249 2474 365 2546; x_wconf 84' lang='lat' dir='ltr'><strong>afferre</strong></span> <span class='ocrx_word' id='word_1_160' title='bbox 400 2476 579 2570; x_wconf 90' lang='lat' dir='ltr'><strong>rideamus,</strong></span> <span class='ocrx_word' id='word_1_161' title='bbox 618 2492 654 2549; x_wconf 93' lang='lat' dir='ltr'><strong>ut</strong></span> <span class='ocrx_word' id='word_1_162' title='bbox 685 2482 716 2550; x_wconf 89' lang='lat' dir='ltr'><strong>in</strong></span> <span class='ocrx_word' id='word_1_163' title='bbox 750 2480 840 2550; x_wconf 86' lang='lat' dir='ltr'><strong>Edda</strong></span> <span class='ocrx_word' id='word_1_164' title='bbox 868 2481 987 2551; x_wconf 88' lang='lat' dir='ltr'><strong>Snorrii</strong></span> <span class='ocrx_word' id='word_1_165' title='bbox 1021 2491 1053 2549; x_wconf 91' lang='lat' dir='ltr'><strong>et</strong></span> <span class='ocrx_word' id='word_1_166' title='bbox 1084 2488 1218 2551; x_wconf 88' lang='lat' dir='ltr'><strong>tractatu</strong></span> <span class='ocrx_word' id='word_1_167' title='bbox 1246 2480 1337 2551; x_wconf 86' lang='lat' dir='ltr'><strong>Olari</strong></span> <span class='ocrx_word' id='word_1_168' title='bbox 1365 2477 1436 2549; x_wconf 92' lang='lat' dir='ltr'><strong>buic</strong></span> <span class='ocrx_word' id='word_1_169' title='bbox 1469 2495 1591 2546; x_wconf 88' lang='lat' dir='ltr'><strong>annero</strong></span> 
     </span>
     <span class='ocr_line' id='line_1_18' title="bbox 154 2596 1589 2698; baseline -0.005 -28"><span class='ocrx_word' id='word_1_170' title='bbox 154 2610 291 2695; x_wconf 88' lang='lat' dir='ltr'><strong>apparet.</strong></span> <span class='ocrx_word' id='word_1_171' title='bbox 356 2599 421 2672; x_wconf 90' lang='lat' dir='ltr'><strong>Sed</strong></span> <span class='ocrx_word' id='word_1_172' title='bbox 453 2612 488 2674; x_wconf 90' lang='lat' dir='ltr'><strong>ut</strong></span> <span class='ocrx_word' id='word_1_173' title='bbox 520 2603 631 2672; x_wconf 91' lang='lat' dir='ltr'><strong>burum</strong></span> <span class='ocrx_word' id='word_1_174' title='bbox 667 2603 828 2674; x_wconf 88' lang='lat' dir='ltr'><strong>literarum</strong></span> <span class='ocrx_word' id='word_1_175' title='bbox 861 2605 1047 2676; x_wconf 89' lang='lat' dir='ltr'><strong>loecnnditas</strong></span> <span class='ocrx_word' id='word_1_176' title='bbox 1082 2614 1115 2675; x_wconf 88' lang='lat' dir='ltr'><strong>et</strong></span> <span class='ocrx_word' id='word_1_177' title='bbox 1140 2605 1294 2674; x_wconf 89' lang='lat' dir='ltr'><strong>sermonis</strong></span> <span class='ocrx_word' id='word_1_178' title='bbox 1321 2599 1434 2698; x_wconf 72' lang='lat' dir='ltr'><strong>politici</strong></span> <span class='ocrx_word' id='word_1_179' title='bbox 1460 2596 1589 2668; x_wconf 89' lang='lat' dir='ltr'><strong>ubertas</strong></span> 
     </span>
     <span class='ocr_line' id='line_1_19' title="bbox 153 2721 1589 2822; baseline -0.001 -31"><span class='ocrx_word' id='word_1_180' title='bbox 153 2721 224 2793; x_wconf 89' lang='lat' dir='ltr'><strong>inde</strong></span> <span class='ocrx_word' id='word_1_181' title='bbox 236 2724 373 2818; x_wconf 87' lang='lat' dir='ltr'><strong>conspici</strong></span> <span class='ocrx_word' id='word_1_182' title='bbox 388 2735 504 2819; x_wconf 88' lang='lat' dir='ltr'><strong>potest,</strong></span> <span class='ocrx_word' id='word_1_183' title='bbox 532 2726 573 2796; x_wconf 89' lang='lat' dir='ltr'><strong>ita</strong></span> <span class='ocrx_word' id='word_1_184' title='bbox 601 2726 695 2797; x_wconf 89' lang='lat' dir='ltr'><strong>etium</strong></span> <span class='ocrx_word' id='word_1_185' title='bbox 722 2725 794 2797; x_wconf 92' lang='lat' dir='ltr'><strong>inde</strong></span> <span class='ocrx_word' id='word_1_186' title='bbox 820 2739 951 2822; x_wconf 89' lang='lat' dir='ltr'><strong>apparet</strong></span> <span class='ocrx_word' id='word_1_187' title='bbox 977 2738 1060 2799; x_wconf 90' lang='lat' dir='ltr'><strong>arcta</strong></span> <span class='ocrx_word' id='word_1_188' title='bbox 1087 2728 1137 2797; x_wconf 92' lang='lat' dir='ltr'><strong>illa</strong></span> <span class='ocrx_word' id='word_1_189' title='bbox 1165 2728 1363 2818; x_wconf 86' lang='lat' dir='ltr'><strong>continuitas,</strong></span> <span class='ocrx_word' id='word_1_190' title='bbox 1391 2747 1462 2820; x_wconf 83' lang='lat' dir='ltr'><strong>quae</strong></span> <span class='ocrx_word' id='word_1_191' title='bbox 1488 2731 1589 2792; x_wconf 88' lang='lat' dir='ltr'><strong>totum</strong></span> 
     </span>
     <span class='ocr_line' id='line_1_20' title="bbox 153 2846 1591 2946; baseline -0.003 -29"><span class='ocrx_word' id='word_1_192' title='bbox 153 2846 212 2917; x_wconf 89' lang='lat' dir='ltr'><strong>boc</strong></span> <span class='ocrx_word' id='word_1_193' title='bbox 236 2870 339 2941; x_wconf 82' lang='lat' dir='ltr'><strong>genus</strong></span> <span class='ocrx_word' id='word_1_194' title='bbox 373 2848 551 2946; x_wconf 47' lang='lat' dir='ltr'><strong>literaturae,</strong></span> <span class='ocrx_word' id='word_1_195' title='bbox 575 2850 738 2944; x_wconf 82' lang='lat' dir='ltr'><strong>conjungit</strong></span> <span class='ocrx_word' id='word_1_196' title='bbox 772 2863 805 2922; x_wconf 89' lang='lat' dir='ltr'><strong>et</strong></span> <span class='ocrx_word' id='word_1_197' title='bbox 829 2853 1025 2945; x_wconf 85' lang='lat' dir='ltr'><strong>compingit:</strong></span> <span class='ocrx_word' id='word_1_198' title='bbox 1065 2853 1151 2945; x_wconf 84' lang='lat' dir='ltr'><strong>leges</strong></span> <span class='ocrx_word' id='word_1_199' title='bbox 1177 2853 1315 2923; x_wconf 84' lang='lat' dir='ltr'><strong>metricae</strong></span> <span class='ocrx_word' id='word_1_200' title='bbox 1342 2862 1406 2920; x_wconf 92' lang='lat' dir='ltr'><strong>tam</strong></span> <span class='ocrx_word' id='word_1_201' title='bbox 1433 2848 1532 2917; x_wconf 82' lang='lat' dir='ltr'><strong>firmae</strong></span> <span class='ocrx_word' id='word_1_202' title='bbox 1559 2855 1591 2913; x_wconf 89' lang='lat' dir='ltr'><strong>et</strong></span> 
     </span>
     <span class='ocr_line' id='line_1_21' title="bbox 154 2967 1590 3073; baseline -0.003 -32"><span class='ocrx_word' id='word_1_203' title='bbox 154 2970 365 3059; x_wconf 76' lang='lat' dir='ltr'><strong>consolidatur,</strong></span> <span class='ocrx_word' id='word_1_204' title='bbox 378 2982 416 3043; x_wconf 89' lang='lat' dir='ltr'><strong>ut</strong></span> <span class='ocrx_word' id='word_1_205' title='bbox 428 2973 678 3069; x_wconf 90' lang='lat' dir='ltr'><strong>unumquodque</strong></span> <span class='ocrx_word' id='word_1_206' title='bbox 692 2997 792 3068; x_wconf 87' lang='lat' dir='ltr'><strong>genus</strong></span> <span class='ocrx_word' id='word_1_207' title='bbox 805 2976 897 3046; x_wconf 86' lang='lat' dir='ltr'><strong>metri</strong></span> <span class='ocrx_word' id='word_1_208' title='bbox 912 2998 1001 3046; x_wconf 89' lang='lat' dir='ltr'><strong>suam</strong></span> <span class='ocrx_word' id='word_1_209' title='bbox 1016 2976 1152 3071; x_wconf 87' lang='lat' dir='ltr'><strong>speeiem</strong></span> <span class='ocrx_word' id='word_1_210' title='bbox 1167 2977 1321 3073; x_wconf 70' lang='lat' dir='ltr'><strong>poeticam</strong></span> <span class='ocrx_word' id='word_1_211' title='bbox 1334 2973 1471 3060; x_wconf 81' lang='lat' dir='ltr'><strong>indicet3</strong></span> <span class='ocrx_word' id='word_1_212' title='bbox 1498 2967 1590 3038; x_wconf 92' lang='lat' dir='ltr'><strong>dictio</strong></span> 
     </span>
     <span class='ocr_line' id='line_1_22' title="bbox 154 3091 1590 3194; baseline -0.003 -29"><span class='ocrx_word' id='word_1_213' title='bbox 154 3095 285 3189; x_wconf 74' lang='lat' dir='ltr'><strong>poetica,</strong></span> <span class='ocrx_word' id='word_1_214' title='bbox 313 3118 384 3192; x_wconf 82' lang='lat' dir='ltr'><strong>quae</strong></span> <span class='ocrx_word' id='word_1_215' title='bbox 398 3119 456 3190; x_wconf 92' lang='lat' dir='ltr'><strong>per</strong></span> <span class='ocrx_word' id='word_1_216' title='bbox 470 3106 535 3166; x_wconf 89' lang='lat' dir='ltr'><strong>totu</strong></span> <span class='ocrx_word' id='word_1_217' title='bbox 550 3097 655 3167; x_wconf 90' lang='lat' dir='ltr'><strong>secula</strong></span> <span class='ocrx_word' id='word_1_218' title='bbox 670 3121 743 3169; x_wconf 88' lang='lat' dir='ltr'><strong>suas</strong></span> <span class='ocrx_word' id='word_1_219' title='bbox 759 3099 898 3194; x_wconf 88' lang='lat' dir='ltr'><strong>proprias</strong></span> <span class='ocrx_word' id='word_1_220' title='bbox 912 3100 999 3193; x_wconf 82' lang='lat' dir='ltr'><strong>leges</strong></span> <span class='ocrx_word' id='word_1_221' title='bbox 1013 3109 1047 3170; x_wconf 88' lang='lat' dir='ltr'><strong>et</strong></span> <span class='ocrx_word' id='word_1_222' title='bbox 1060 3124 1181 3170; x_wconf 91' lang='lat' dir='ltr'><strong>morem</strong></span> <span class='ocrx_word' id='word_1_223' title='bbox 1195 3100 1350 3193; x_wconf 85' lang='lat' dir='ltr'><strong>majorum</strong></span> <span class='ocrx_word' id='word_1_224' title='bbox 1364 3094 1517 3190; x_wconf 85' lang='lat' dir='ltr'><strong>sequitur.</strong></span> <span class='ocrx_word' id='word_1_225' title='bbox 1557 3091 1590 3163; x_wconf 90' lang='lat' dir='ltr'><strong>Si</strong></span> 
     </span>
     <span class='ocr_line' id='line_1_23' title="bbox 153 3215 1589 3318; baseline -0.001 -33"><span class='ocrx_word' id='word_1_226' title='bbox 153 3217 216 3287; x_wconf 80' lang='lat' dir='ltr'><strong>bec</strong></span> <span class='ocrx_word' id='word_1_227' title='bbox 242 3216 339 3310; x_wconf 83' lang='lat' dir='ltr'><strong>igitur</strong></span> <span class='ocrx_word' id='word_1_228' title='bbox 370 3221 545 3291; x_wconf 88' lang='lat' dir='ltr'><strong>accuratius</strong></span> <span class='ocrx_word' id='word_1_229' title='bbox 577 3220 838 3314; x_wconf 90' lang='lat' dir='ltr'><strong>consideramus,</strong></span> <span class='ocrx_word' id='word_1_230' title='bbox 878 3222 979 3292; x_wconf 88' lang='lat' dir='ltr'><strong>simile</strong></span> <span class='ocrx_word' id='word_1_231' title='bbox 1012 3221 1086 3317; x_wconf 90' lang='lat' dir='ltr'><strong>quid</strong></span> <span class='ocrx_word' id='word_1_232' title='bbox 1120 3233 1260 3318; x_wconf 89' lang='lat' dir='ltr'><strong>apparet,</strong></span> <span class='ocrx_word' id='word_1_233' title='bbox 1295 3244 1330 3292; x_wconf 88' lang='lat' dir='ltr'><strong>ac</strong></span> <span class='ocrx_word' id='word_1_234' title='bbox 1363 3218 1449 3314; x_wconf 89' lang='lat' dir='ltr'><strong>quod</strong></span> <span class='ocrx_word' id='word_1_235' title='bbox 1476 3239 1533 3286; x_wconf 93' lang='lat' dir='ltr'><strong>nos</strong></span> <span class='ocrx_word' id='word_1_236' title='bbox 1559 3215 1589 3283; x_wconf 94' lang='lat' dir='ltr'><strong>in</strong></span> 
     </span>
     <span class='ocr_line' id='line_1_24' title="bbox 153 3342 1589 3442; baseline -0.003 -30"><span class='ocrx_word' id='word_1_237' title='bbox 153 3342 288 3413; x_wconf 82' lang='lat' dir='ltr'><strong>artificiis</strong></span> <span class='ocrx_word' id='word_1_238' title='bbox 313 3351 457 3413; x_wconf 81' lang='lat' dir='ltr'><strong>veterum</strong></span> <span class='ocrx_word' id='word_1_239' title='bbox 479 3352 544 3413; x_wconf 91' lang='lat' dir='ltr'><strong>tam</strong></span> <span class='ocrx_word' id='word_1_240' title='bbox 570 3366 653 3439; x_wconf 81' lang='lat' dir='ltr'><strong>saepe</strong></span> <span class='ocrx_word' id='word_1_241' title='bbox 679 3342 823 3437; x_wconf 86' lang='lat' dir='ltr'><strong>vidimus,</strong></span> <span class='ocrx_word' id='word_1_242' title='bbox 852 3346 997 3415; x_wconf 87' lang='lat' dir='ltr'><strong>nimirum</strong></span> <span class='ocrx_word' id='word_1_243' title='bbox 1019 3370 1116 3416; x_wconf 91' lang='lat' dir='ltr'><strong>unum</strong></span> <span class='ocrx_word' id='word_1_244' title='bbox 1138 3358 1209 3442; x_wconf 90' lang='lat' dir='ltr'><strong>post</strong></span> <span class='ocrx_word' id='word_1_245' title='bbox 1232 3347 1364 3416; x_wconf 88' lang='lat' dir='ltr'><strong>alterum</strong></span> <span class='ocrx_word' id='word_1_246' title='bbox 1386 3344 1589 3439; x_wconf 80' lang='lat' dir='ltr'><strong>perlongum</strong></span> 
     </span>
     <span class='ocr_line' id='line_1_25' title="bbox 153 3464 1590 3563; baseline -0.002 -30"><span class='ocrx_word' id='word_1_247' title='bbox 153 3466 302 3560; x_wconf 89' lang='lat' dir='ltr'><strong>temporis</strong></span> <span class='ocrx_word' id='word_1_248' title='bbox 337 3467 472 3560; x_wconf 90' lang='lat' dir='ltr'><strong>spatium</strong></span> <span class='ocrx_word' id='word_1_249' title='bbox 499 3467 630 3538; x_wconf 88' lang='lat' dir='ltr'><strong>eandem</strong></span> <span class='ocrx_word' id='word_1_250' title='bbox 658 3467 827 3539; x_wconf 82' lang='lat' dir='ltr'><strong>lubn‘randi</strong></span> <span class='ocrx_word' id='word_1_251' title='bbox 856 3469 988 3540; x_wconf 90' lang='lat' dir='ltr'><strong>lormum</strong></span> <span class='ocrx_word' id='word_1_252' title='bbox 1015 3493 1225 3563; x_wconf 86' lang='lat' dir='ltr'><strong>conservare,</strong></span> <span class='ocrx_word' id='word_1_253' title='bbox 1264 3493 1362 3540; x_wconf 89' lang='lat' dir='ltr'><strong>unum</strong></span> <span class='ocrx_word' id='word_1_254' title='bbox 1389 3464 1590 3557; x_wconf 84' lang='lat' dir='ltr'><strong>eundemque</strong></span> 
     </span>
     <span class='ocr_line' id='line_1_26' title="bbox 152 3587 1588 3687; baseline -0.001 -30"><span class='ocrx_word' id='word_1_255' title='bbox 152 3598 256 3682; x_wconf 70' lang='lat' dir='ltr'><strong>typum</strong></span> <span class='ocrx_word' id='word_1_256' title='bbox 282 3588 409 3660; x_wconf 89' lang='lat' dir='ltr'><strong>imitari.</strong></span> <span class='ocrx_word' id='word_1_257' title='bbox 474 3591 523 3660; x_wconf 77' lang='lat' dir='ltr'><strong>Er</strong></span> <span class='ocrx_word' id='word_1_258' title='bbox 557 3591 655 3662; x_wconf 87' lang='lat' dir='ltr'><strong>alteru</strong></span> <span class='ocrx_word' id='word_1_259' title='bbox 682 3614 757 3662; x_wconf 88' lang='lat' dir='ltr'><strong>reru</strong></span> <span class='ocrx_word' id='word_1_260' title='bbox 784 3602 873 3687; x_wconf 92' lang='lat' dir='ltr'><strong>parte</strong></span> <span class='ocrx_word' id='word_1_261' title='bbox 900 3593 1026 3686; x_wconf 81' lang='lat' dir='ltr'><strong>egregia</strong></span> <span class='ocrx_word' id='word_1_262' title='bbox 1054 3593 1102 3663; x_wconf 91' lang='lat' dir='ltr'><strong>illu</strong></span> <span class='ocrx_word' id='word_1_263' title='bbox 1130 3595 1306 3687; x_wconf 83' lang='lat' dir='ltr'><strong>lragmentu</strong></span> <span class='ocrx_word' id='word_1_264' title='bbox 1334 3590 1424 3661; x_wconf 91' lang='lat' dir='ltr'><strong>nobis</strong></span> <span class='ocrx_word' id='word_1_265' title='bbox 1450 3587 1588 3658; x_wconf 90' lang='lat' dir='ltr'><strong>demon-</strong></span> 
     </span>
     <span class='ocr_line' id='line_1_27' title="bbox 151 3710 1589 3812; baseline -0.001 -31"><span class='ocrx_word' id='word_1_266' title='bbox 151 3721 273 3802; x_wconf 87' lang='lat' dir='ltr'><strong>strant,</strong></span> <span class='ocrx_word' id='word_1_267' title='bbox 313 3722 460 3806; x_wconf 89' lang='lat' dir='ltr'><strong>quautam</strong></span> <span class='ocrx_word' id='word_1_268' title='bbox 482 3713 636 3807; x_wconf 87' lang='lat' dir='ltr'><strong>jacturam</strong></span> <span class='ocrx_word' id='word_1_269' title='bbox 662 3716 693 3785; x_wconf 93' lang='lat' dir='ltr'><strong>in</strong></span> <span class='ocrx_word' id='word_1_270' title='bbox 720 3717 767 3785; x_wconf 91' lang='lat' dir='ltr'><strong>his</strong></span> <span class='ocrx_word' id='word_1_271' title='bbox 793 3716 889 3787; x_wconf 90' lang='lat' dir='ltr'><strong>rebus</strong></span> <span class='ocrx_word' id='word_1_272' title='bbox 917 3716 1108 3807; x_wconf 87' lang='lat' dir='ltr'><strong>lecerimus,</strong></span> <span class='ocrx_word' id='word_1_273' title='bbox 1149 3726 1181 3786; x_wconf 88' lang='lat' dir='ltr'><strong>et</strong></span> <span class='ocrx_word' id='word_1_274' title='bbox 1207 3739 1300 3812; x_wconf 89' lang='lat' dir='ltr'><strong>quam</strong></span> <span class='ocrx_word' id='word_1_275' title='bbox 1327 3736 1421 3810; x_wconf 82' lang='lat' dir='ltr'><strong>parra</strong></span> <span class='ocrx_word' id='word_1_276' title='bbox 1462 3734 1499 3782; x_wconf 86' lang='lat' dir='ltr'><strong>er</strong></span> <span class='ocrx_word' id='word_1_277' title='bbox 1539 3710 1589 3780; x_wconf 88' lang='lat' dir='ltr'><strong>illa</strong></span> 
     </span>
     <span class='ocr_line' id='line_1_28' title="bbox 151 3834 727 3928; baseline 0.007 -24"><span class='ocrx_word' id='word_1_278' title='bbox 151 3858 260 3928; x_wconf 81' lang='lat' dir='ltr'><strong>magna</strong></span> <span class='ocrx_word' id='word_1_279' title='bbox 286 3835 375 3904; x_wconf 89' lang='lat' dir='ltr'><strong>ruina</strong></span> <span class='ocrx_word' id='word_1_280' title='bbox 403 3834 494 3906; x_wconf 89' lang='lat' dir='ltr'><strong>nubis</strong></span> <span class='ocrx_word' id='word_1_281' title='bbox 520 3837 627 3907; x_wconf 89' lang='lat' dir='ltr'><strong>relicta</strong></span> <span class='ocrx_word' id='word_1_282' title='bbox 655 3838 727 3908; x_wconf 90' lang='lat' dir='ltr'><strong>sint.</strong></span> 
     </span>
    </p>

    <p class='ocr_par' dir='ltr' id='par_1_3' title="bbox 148 3957 1588 4674">
     <span class='ocr_line' id='line_1_29' title="bbox 298 3957 1588 4059; baseline -0.001 -30"><span class='ocrx_word' id='word_1_283' title='bbox 298 3957 349 4029; x_wconf 82' lang='lat' dir='ltr'><strong>Ad</strong></span> <span class='ocrx_word' id='word_1_284' title='bbox 375 3959 590 4031; x_wconf 87' lang='lat' dir='ltr'><strong>illustrandum</strong></span> <span class='ocrx_word' id='word_1_285' title='bbox 617 3962 776 4033; x_wconf 90' lang='lat' dir='ltr'><strong>bistorium</strong></span> <span class='ocrx_word' id='word_1_286' title='bbox 803 3961 917 4055; x_wconf 80' lang='lat' dir='ltr'><strong>linguae</strong></span> <span class='ocrx_word' id='word_1_287' title='bbox 943 3963 1208 4056; x_wconf 89' lang='lat' dir='ltr'><strong>septentrionalis,</strong></span> <span class='ocrx_word' id='word_1_288' title='bbox 1236 3963 1374 4059; x_wconf 86' lang='lat' dir='ltr'><strong>inprimis</strong></span> <span class='ocrx_word' id='word_1_289' title='bbox 1401 3983 1495 4056; x_wconf 90' lang='lat' dir='ltr'><strong>quam</strong></span> <span class='ocrx_word' id='word_1_290' title='bbox 1526 3959 1588 4029; x_wconf 91' lang='lat' dir='ltr'><strong>late</strong></span> 
     </span>
     <span class='ocr_line' id='line_1_30' title="bbox 150 4082 1583 4181; baseline 0 -27"><span class='ocrx_word' id='word_1_291' title='bbox 150 4084 217 4154; x_wconf 82' lang='lat' dir='ltr'><strong>bec</strong></span> <span class='ocrx_word' id='word_1_292' title='bbox 258 4083 364 4175; x_wconf 85' lang='lat' dir='ltr'><strong>lingua</strong></span> <span class='ocrx_word' id='word_1_293' title='bbox 402 4082 558 4177; x_wconf 76' lang='lat' dir='ltr'><strong>riguerit,</strong></span> <span class='ocrx_word' id='word_1_294' title='bbox 603 4086 707 4179; x_wconf 77' lang='lat' dir='ltr'><strong>magni</strong></span> <span class='ocrx_word' id='word_1_295' title='bbox 747 4086 896 4157; x_wconf 87' lang='lat' dir='ltr'><strong>momenti</strong></span> <span class='ocrx_word' id='word_1_296' title='bbox 927 4095 1002 4157; x_wconf 90' lang='lat' dir='ltr'><strong>sunt</strong></span> <span class='ocrx_word' id='word_1_297' title='bbox 1033 4085 1203 4157; x_wconf 84' lang='lat' dir='ltr'><strong>relationes</strong></span> <span class='ocrx_word' id='word_1_298' title='bbox 1241 4085 1281 4156; x_wconf 92' lang='lat' dir='ltr'><strong>de</strong></span> <span class='ocrx_word' id='word_1_299' title='bbox 1313 4085 1448 4181; x_wconf 86' lang='lat' dir='ltr'><strong>antiquis</strong></span> <span class='ocrx_word' id='word_1_300' title='bbox 1483 4084 1583 4178; x_wconf 75' lang='lat' dir='ltr'><strong>potitis</strong></span> 
     </span>
     <span class='ocr_line' id='line_1_31' title="bbox 149 4205 1584 4305; baseline 0.001 -29"><span class='ocrx_word' id='word_1_301' title='bbox 149 4205 240 4278; x_wconf 88' lang='lat' dir='ltr'><strong>uobis</strong></span> <span class='ocrx_word' id='word_1_302' title='bbox 266 4206 395 4301; x_wconf 79' lang='lat' dir='ltr'><strong>relicte,</strong></span> <span class='ocrx_word' id='word_1_303' title='bbox 421 4208 453 4278; x_wconf 93' lang='lat' dir='ltr'><strong>in</strong></span> <span class='ocrx_word' id='word_1_304' title='bbox 480 4208 607 4305; x_wconf 92' lang='lat' dir='ltr'><strong>antiquo</strong></span> <span class='ocrx_word' id='word_1_305' title='bbox 633 4232 766 4280; x_wconf 86' lang='lat' dir='ltr'><strong>recensu</strong></span> <span class='ocrx_word' id='word_1_306' title='bbox 783 4208 1208 4304; x_wconf 65' lang='lat' dir='ltr'><strong>podtamm,Sldldutul”</strong></span> <span class='ocrx_word' id='word_1_307' title='bbox 1229 4219 1408 4294; x_wconf 80' lang='lat' dir='ltr'><strong>asservatae,</strong></span> <span class='ocrx_word' id='word_1_308' title='bbox 1436 4219 1468 4278; x_wconf 92' lang='lat' dir='ltr'><strong>et</strong></span> <span class='ocrx_word' id='word_1_309' title='bbox 1495 4209 1584 4299; x_wconf 83' lang='lat' dir='ltr'><strong>trag·</strong></span> 
     </span>
     <span class='ocr_line' id='line_1_32' title="bbox 149 4330 1584 4429; baseline -0.005 -24"><span class='ocrx_word' id='word_1_310' title='bbox 149 4336 264 4405; x_wconf 86' lang='lat' dir='ltr'><strong>mentis</strong></span> <span class='ocrx_word' id='word_1_311' title='bbox 291 4357 353 4404; x_wconf 90' lang='lat' dir='ltr'><strong>non</strong></span> <span class='ocrx_word' id='word_1_312' title='bbox 381 4356 553 4429; x_wconf 88' lang='lat' dir='ltr'><strong>paucorum</strong></span> <span class='ocrx_word' id='word_1_313' title='bbox 579 4333 769 4425; x_wconf 87' lang='lat' dir='ltr'><strong>carminum,</strong></span> <span class='ocrx_word' id='word_1_314' title='bbox 809 4332 850 4403; x_wconf 90' lang='lat' dir='ltr'><strong>ab</strong></span> <span class='ocrx_word' id='word_1_315' title='bbox 876 4333 922 4403; x_wconf 92' lang='lat' dir='ltr'><strong>bis</strong></span> <span class='ocrx_word' id='word_1_316' title='bbox 950 4334 1051 4428; x_wconf 74' lang='lat' dir='ltr'><strong>potitis</strong></span> <span class='ocrx_word' id='word_1_317' title='bbox 1077 4332 1343 4429; x_wconf 89' lang='lat' dir='ltr'><strong>compositorum,</strong></span> <span class='ocrx_word' id='word_1_318' title='bbox 1382 4330 1584 4401; x_wconf 82' lang='lat' dir='ltr'><strong>confirmate.</strong></span> 
     </span>
     <span class='ocr_line' id='line_1_33' title="bbox 148 4452 1587 4553; baseline -0.005 -26"><span class='ocrx_word' id='word_1_319' title='bbox 148 4459 221 4528; x_wconf 88' lang='lat' dir='ltr'><strong>Duo</strong></span> <span class='ocrx_word' id='word_1_320' title='bbox 259 4457 434 4553; x_wconf 76' lang='lat' dir='ltr'><strong>praesertim</strong></span> <span class='ocrx_word' id='word_1_321' title='bbox 473 4455 532 4526; x_wconf 89' lang='lat' dir='ltr'><strong>loci</strong></span> <span class='ocrx_word' id='word_1_322' title='bbox 571 4467 669 4547; x_wconf 86' lang='lat' dir='ltr'><strong>sunt,</strong></span> <span class='ocrx_word' id='word_1_323' title='bbox 710 4457 764 4528; x_wconf 91' lang='lat' dir='ltr'><strong>ubi</strong></span> <span class='ocrx_word' id='word_1_324' title='bbox 805 4466 927 4527; x_wconf 84' lang='lat' dir='ltr'><strong>veteres</strong></span> <span class='ocrx_word' id='word_1_325' title='bbox 967 4456 1136 4552; x_wconf 88' lang='lat' dir='ltr'><strong>scriptores</strong></span> <span class='ocrx_word' id='word_1_326' title='bbox 1163 4455 1202 4527; x_wconf 90' lang='lat' dir='ltr'><strong>de</strong></span> <span class='ocrx_word' id='word_1_327' title='bbox 1229 4455 1276 4527; x_wconf 87' lang='lat' dir='ltr'><strong>bis</strong></span> <span class='ocrx_word' id='word_1_328' title='bbox 1302 4455 1398 4526; x_wconf 86' lang='lat' dir='ltr'><strong>rebus</strong></span> <span class='ocrx_word' id='word_1_329' title='bbox 1424 4452 1587 4524; x_wconf 79' lang='lat' dir='ltr'><strong>manifeste</strong></span> 
     </span>
     <span class='ocr_line' id='line_1_34' title="bbox 149 4579 1585 4674; baseline -0.003 -24"><span class='ocrx_word' id='word_1_330' title='bbox 149 4579 348 4674; x_wconf 86' lang='lat' dir='ltr'><strong>disputarunt</strong></span> <span class='ocrx_word' id='word_1_331' title='bbox 374 4590 407 4651; x_wconf 89' lang='lat' dir='ltr'><strong>et</strong></span> <span class='ocrx_word' id='word_1_332' title='bbox 432 4579 583 4651; x_wconf 90' lang='lat' dir='ltr'><strong>terminos</strong></span> <span class='ocrx_word' id='word_1_333' title='bbox 609 4580 722 4674; x_wconf 73' lang='lat' dir='ltr'><strong>linguat</strong></span> <span class='ocrx_word' id='word_1_334' title='bbox 748 4580 872 4651; x_wconf 88' lang='lat' dir='ltr'><strong>disertis</strong></span> <span class='ocrx_word' id='word_1_335' title='bbox 900 4579 1003 4652; x_wconf 90' lang='lat' dir='ltr'><strong>rerbis</strong></span> <span class='ocrx_word' id='word_1_336' title='bbox 1031 4580 1177 4650; x_wconf 78' lang='lat' dir='ltr'><strong>inserunt.</strong></span> <span class='ocrx_word' id='word_1_337' title='bbox 1229 4582 1321 4651; x_wconf 80' lang='lat' dir='ltr'><strong>Alter</strong></span> <span class='ocrx_word' id='word_1_338' title='bbox 1341 4582 1428 4650; x_wconf 91' lang='lat' dir='ltr'><strong>locus</strong></span> <span class='ocrx_word' id='word_1_339' title='bbox 1443 4579 1472 4646; x_wconf 93' lang='lat' dir='ltr'><strong>in</strong></span> <span class='ocrx_word' id='word_1_340' title='bbox 1488 4600 1585 4671; x_wconf 90' lang='lat' dir='ltr'><strong>opere</strong></span> 
     </span>
    </p>
   </div>
   <div class='ocr_carea' id='block_1_3' title="bbox 149 4780 1588 5411">
    <p class='ocr_par' dir='ltr' id='par_1_4' title="bbox 149 4780 1588 5223">
     <span class='ocr_line' id='line_1_35' title="bbox 195 4780 1588 4855; baseline -0.001 -19"><span class='ocrx_word' id='word_1_341' title='bbox 195 4783 203 4811; x_wconf 91' lang='lat'><strong>¹</strong></span> <span class='ocrx_word' id='word_1_342' title='bbox 220 4780 344 4836; x_wconf 75' lang='lat' dir='ltr'><strong>Narratio</strong></span> <span class='ocrx_word' id='word_1_343' title='bbox 354 4782 548 4836; x_wconf 76' lang='lat' dir='ltr'><strong>de&#39;rborstainc</strong></span> <span class='ocrx_word' id='word_1_344' title='bbox 567 4783 692 4836; x_wconf 81' lang='lat' dir='ltr'><strong>historico</strong></span> <span class='ocrx_word' id='word_1_345' title='bbox 711 4780 870 4851; x_wconf 64' lang='lat' dir='ltr'><strong>[borsteimr</strong></span> <span class='ocrx_word' id='word_1_346' title='bbox 889 4783 987 4851; x_wconf 75' lang='lat' dir='ltr'><strong>drobi),</strong></span> <span class='ocrx_word' id='word_1_347' title='bbox 1007 4801 1036 4837; x_wconf 79' lang='lat' dir='ltr'><strong>ex</strong></span> <span class='ocrx_word' id='word_1_348' title='bbox 1056 4785 1169 4837; x_wconf 71' lang='lat' dir='ltr'><strong>luttrudis</strong></span> <span class='ocrx_word' id='word_1_349' title='bbox 1186 4784 1322 4849; x_wconf 74' lang='lat' dir='ltr'><strong>orientali,</strong></span> <span class='ocrx_word' id='word_1_350' title='bbox 1341 4785 1383 4855; x_wconf 87' lang='lat' dir='ltr'><strong>qui</strong></span> <span class='ocrx_word' id='word_1_351' title='bbox 1403 4783 1538 4835; x_wconf 77' lang='lat' dir='ltr'><strong>trister-ism</strong></span> <span class='ocrx_word' id='word_1_352' title='bbox 1557 4784 1588 4836; x_wconf 84' lang='lat' dir='ltr'><strong>do</strong></span> 
     </span>
     <span class='ocr_line' id='line_1_36' title="bbox 149 4873 1586 4946; baseline 0.003 -22"><span class='ocrx_word' id='word_1_353' title='bbox 149 4873 357 4940; x_wconf 52' lang='lat' dir='ltr'><strong>„minuisse</strong></span> <span class='ocrx_word' id='word_1_354' title='bbox 385 4877 490 4928; x_wconf 79' lang='lat' dir='ltr'><strong>tlaraldi</strong></span> <span class='ocrx_word' id='word_1_355' title='bbox 515 4877 589 4943; x_wconf 70' lang='lat' dir='ltr'><strong>rogis</strong></span> <span class='ocrx_word' id='word_1_356' title='bbox 612 4884 637 4931; x_wconf 86' lang='lat' dir='ltr'><strong>et</strong></span> <span class='ocrx_word' id='word_1_357' title='bbox 662 4879 738 4930; x_wconf 86' lang='lat' dir='ltr'><strong>rebus</strong></span> <span class='ocrx_word' id='word_1_358' title='bbox 760 4879 792 4930; x_wconf 86' lang='lat' dir='ltr'><strong>ab</strong></span> <span class='ocrx_word' id='word_1_359' title='bbox 816 4895 845 4931; x_wconf 85' lang='lat' dir='ltr'><strong>eo</strong></span> <span class='ocrx_word' id='word_1_360' title='bbox 870 4878 896 4930; x_wconf 92' lang='lat' dir='ltr'><strong>in</strong></span> <span class='ocrx_word' id='word_1_361' title='bbox 922 4877 1027 4930; x_wconf 79' lang='lat' dir='ltr'><strong>Graecis</strong></span> <span class='ocrx_word' id='word_1_362' title='bbox 1050 4879 1133 4946; x_wconf 73' lang='lat' dir='ltr'><strong>gestis</strong></span> <span class='ocrx_word' id='word_1_363' title='bbox 1156 4881 1188 4931; x_wconf 82' lang='lat' dir='ltr'><strong>ab</strong></span> <span class='ocrx_word' id='word_1_364' title='bbox 1214 4880 1326 4932; x_wconf 75' lang='lat' dir='ltr'><strong>Rsldore</strong></span> <span class='ocrx_word' id='word_1_365' title='bbox 1350 4879 1453 4932; x_wconf 76' lang='lat' dir='ltr'><strong>Socrati</strong></span> <span class='ocrx_word' id='word_1_366' title='bbox 1479 4878 1532 4929; x_wconf 85' lang='lat' dir='ltr'><strong>titio</strong></span> <span class='ocrx_word' id='word_1_367' title='bbox 1557 4894 1586 4929; x_wconf 88' lang='lat' dir='ltr'><strong>eo</strong></span> 
     </span>
     <span class='ocr_line' id='line_1_37' title="bbox 151 4967 1588 5044; baseline 0.003 -28"><span class='ocrx_word' id='word_1_368' title='bbox 151 4967 222 5019; x_wconf 78' lang='lat' dir='ltr'><strong>nodo</strong></span> <span class='ocrx_word' id='word_1_369' title='bbox 245 4967 387 5037; x_wconf 77' lang='lat' dir='ltr'><strong>didicerat,</strong></span> <span class='ocrx_word' id='word_1_370' title='bbox 431 4972 496 5040; x_wconf 86' lang='lat' dir='ltr'><strong>quod</strong></span> <span class='ocrx_word' id='word_1_371' title='bbox 528 4971 633 5024; x_wconf 88' lang='lat' dir='ltr'><strong>comitia</strong></span> <span class='ocrx_word' id='word_1_372' title='bbox 661 4971 793 5036; x_wconf 75' lang='lat' dir='ltr'><strong>generalia</strong></span> <span class='ocrx_word' id='word_1_373' title='bbox 816 4972 937 5025; x_wconf 78' lang='lat' dir='ltr'><strong>islandiae</strong></span> <span class='ocrx_word' id='word_1_374' title='bbox 973 4969 1100 5044; x_wconf 71' lang='lat' dir='ltr'><strong>(albing)</strong></span> <span class='ocrx_word' id='word_1_375' title='bbox 1135 4973 1270 5042; x_wconf 76' lang='lat' dir='ltr'><strong>quotannis</strong></span> <span class='ocrx_word' id='word_1_376' title='bbox 1303 4976 1523 5044; x_wconf 66' lang='lat' dir='ltr'><strong>frequentaverat,</strong></span> <span class='ocrx_word' id='word_1_377' title='bbox 1564 4979 1588 5021; x_wconf 87' lang='lat' dir='ltr'><strong>et</strong></span> 
     </span>
     <span class='ocr_line' id='line_1_38' title="bbox 150 5058 1588 5135; baseline 0.004 -26"><span class='ocrx_word' id='word_1_378' title='bbox 150 5058 183 5112; x_wconf 77' lang='lat' dir='ltr'><strong>ibi</strong></span> <span class='ocrx_word' id='word_1_379' title='bbox 212 5061 308 5113; x_wconf 84' lang='lat' dir='ltr'><strong>sensim</strong></span> <span class='ocrx_word' id='word_1_380' title='bbox 336 5062 485 5132; x_wconf 83' lang='lat' dir='ltr'><strong>sensimque</strong></span> <span class='ocrx_word' id='word_1_381' title='bbox 508 5065 646 5117; x_wconf 79' lang='lat' dir='ltr'><strong>relationes</strong></span> <span class='ocrx_word' id='word_1_382' title='bbox 670 5066 702 5118; x_wconf 87' lang='lat' dir='ltr'><strong>de</strong></span> <span class='ocrx_word' id='word_1_383' title='bbox 726 5068 774 5117; x_wconf 85' lang='lat' dir='ltr'><strong>baa</strong></span> <span class='ocrx_word' id='word_1_384' title='bbox 799 5082 826 5118; x_wconf 87' lang='lat' dir='ltr'><strong>re</strong></span> <span class='ocrx_word' id='word_1_385' title='bbox 845 5083 875 5119; x_wconf 83' lang='lat' dir='ltr'><strong>ex</strong></span> <span class='ocrx_word' id='word_1_386' title='bbox 894 5065 957 5117; x_wconf 83' lang='lat' dir='ltr'><strong>viva</strong></span> <span class='ocrx_word' id='word_1_387' title='bbox 979 5082 1040 5118; x_wconf 88' lang='lat' dir='ltr'><strong>roce</strong></span> <span class='ocrx_word' id='word_1_388' title='bbox 1060 5067 1180 5120; x_wconf 77' lang='lat' dir='ltr'><strong>narraris</strong></span> <span class='ocrx_word' id='word_1_389' title='bbox 1205 5069 1346 5135; x_wconf 73' lang='lat' dir='ltr'><strong>collegerat</strong></span> <span class='ocrx_word' id='word_1_390' title='bbox 1363 5067 1482 5133; x_wconf 80' lang='lat' dir='ltr'><strong>(Mulier.</strong></span> <span class='ocrx_word' id='word_1_391' title='bbox 1501 5068 1588 5128; x_wconf 70' lang='lat' dir='ltr'><strong>Saga-</strong></span> 
     </span>
     <span class='ocr_line' id='line_1_39' title="bbox 150 5150 950 5223; baseline 0.009 -23"><span class='ocrx_word' id='word_1_392' title='bbox 150 5150 265 5205; x_wconf 80' lang='lat' dir='ltr'><strong>tttttert.</strong></span> <span class='ocrx_word' id='word_1_393' title='bbox 284 5173 304 5216; x_wconf 90' lang='lat' dir='ltr'><strong>r,</strong></span> <span class='ocrx_word' id='word_1_394' title='bbox 323 5157 480 5218; x_wconf 69' lang='lat' dir='ltr'><strong>Sti-³48,</strong></span> <span class='ocrx_word' id='word_1_395' title='bbox 505 5158 552 5208; x_wconf 71' lang='lat' dir='ltr'><strong>ctu,</strong></span> <span class='ocrx_word' id='word_1_396' title='bbox 572 5160 675 5209; x_wconf 76' lang='lat' dir='ltr'><strong>Forum.</strong></span> <span class='ocrx_word' id='word_1_397' title='bbox 696 5176 719 5210; x_wconf 86' lang='lat' dir='ltr'><strong>s.</strong></span> <span class='ocrx_word' id='word_1_398' title='bbox 738 5176 779 5223; x_wconf 87' lang='lat' dir='ltr'><strong>vr,</strong></span> <span class='ocrx_word' id='word_1_399' title='bbox 804 5159 950 5209; x_wconf 45' lang='lat' dir='ltr'><strong>sarmata,</strong></span> 
     </span>
    </p>

    <p class='ocr_par' dir='ltr' id='par_1_5' title="bbox 152 5243 1587 5411">
     <span class='ocr_line' id='line_1_40' title="bbox 190 5243 1587 5322; baseline 0.003 -23"><span class='ocrx_word' id='word_1_400' title='bbox 190 5243 319 5311; x_wconf 59' lang='lat' dir='ltr'><strong>’specta</strong></span> <span class='ocrx_word' id='word_1_401' title='bbox 338 5265 369 5301; x_wconf 86' lang='lat' dir='ltr'><strong>er</strong></span> <span class='ocrx_word' id='word_1_402' title='bbox 386 5257 414 5299; x_wconf 89' lang='lat' dir='ltr'><strong>at</strong></span> <span class='ocrx_word' id='word_1_403' title='bbox 431 5252 508 5315; x_wconf 74' lang='lat' dir='ltr'><strong>aegla</strong></span> <span class='ocrx_word' id='word_1_404' title='bbox 526 5251 620 5316; x_wconf 72' lang='lat' dir='ltr'><strong>dragum</strong></span> <span class='ocrx_word' id='word_1_405' title='bbox 639 5253 777 5316; x_wconf 79' lang='lat' dir='ltr'><strong>stdldunr,</strong></span> <span class='ocrx_word' id='word_1_406' title='bbox 801 5247 870 5322; x_wconf 71' lang='lat' dir='ltr'><strong>beim</strong></span> <span class='ocrx_word' id='word_1_407' title='bbox 890 5268 918 5302; x_wconf 89' lang='lat' dir='ltr'><strong>ar</strong></span> <span class='ocrx_word' id='word_1_408' title='bbox 937 5251 1042 5316; x_wconf 74' lang='lat' dir='ltr'><strong>gimast</strong></span> <span class='ocrx_word' id='word_1_409' title='bbox 1060 5257 1087 5303; x_wconf 85' lang='lat' dir='ltr'><strong>at</strong></span> <span class='ocrx_word' id='word_1_410' title='bbox 1105 5268 1193 5305; x_wconf 80' lang='lat' dir='ltr'><strong>nemra</strong></span> <span class='ocrx_word' id='word_1_411' title='bbox 1212 5254 1271 5306; x_wconf 85' lang='lat' dir='ltr'><strong>mail</strong></span> <span class='ocrx_word' id='word_1_412' title='bbox 1291 5253 1533 5315; x_wconf 75' lang='lat' dir='ltr'><strong>skdtdslrupur.</strong></span> <span class='ocrx_word' id='word_1_413' title='bbox 1554 5254 1587 5301; x_wconf 83' lang='lat' dir='ltr'><strong>ok</strong></span> 
     </span>
     <span class='ocr_line' id='line_1_41' title="bbox 152 5337 1309 5411; baseline 0.009 -22"><span class='ocrx_word' id='word_1_414' title='bbox 152 5337 243 5407; x_wconf 74' lang='lat' dir='ltr'><strong>teyje</strong></span> <span class='ocrx_word' id='word_1_415' title='bbox 270 5342 326 5393; x_wconf 76' lang='lat' dir='ltr'><strong>sir·</strong></span> <span class='ocrx_word' id='word_1_416' title='bbox 357 5342 531 5404; x_wconf 71' lang='lat' dir='ltr'><strong>oentjotte</strong></span> <span class='ocrx_word' id='word_1_417' title='bbox 556 5346 619 5396; x_wconf 78' lang='lat' dir='ltr'><strong>meri</strong></span> <span class='ocrx_word' id='word_1_418' title='bbox 649 5348 772 5397; x_wconf 77' lang='lat' dir='ltr'><strong>tor-nunu</strong></span> <span class='ocrx_word' id='word_1_419' title='bbox 802 5344 951 5396; x_wconf 80' lang='lat' dir='ltr'><strong>beiturn&#39;&#39;.</strong></span> <span class='ocrx_word' id='word_1_420' title='bbox 989 5348 1309 5411; x_wconf 66' lang='lat' dir='ltr'><strong>saorra-Etda.1‚·tut.</strong></span> 
     </span>
    </p>
   </div>
   <div class='ocr_carea' id='block_1_4' title="bbox 0 0 1864 5809">
    <p class='ocr_par' dir='ltr' id='par_1_6' title="bbox 0 0 1864 5809">
     <span class='ocr_line' id='line_1_42' title="bbox 0 0 1864 5809; baseline 0 0"><span class='ocrx_word' id='word_1_421' title='bbox 0 0 1864 5809; x_wconf 95' lang='lat' dir='ltr'><strong> </strong></span> 
     </span>
    </p>
   </div>
  </div>
 </body>
</html>
