3717 5809
275 389 353 439 XXX
894 391 1071 438 ruarmo.

423 550 573 636 Quamvis
587 550 683 643 igitur
701 550 816 644 saepins
836 550 1023 622 vocabulum
1048 547 1235 642 „norroenn”
1254 551 1295 622 de
1314 554 1468 646 Norvegis
1482 562 1516 623 et
1529 554 1718 648 „norroena”

277 698 339 746 non
353 698 424 745 raro
449 673 488 744 de
502 678 722 768 Norvegomm
741 674 844 766 lingua
863 673 952 769 (quae
965 675 1059 745 etiam
1078 699 1113 744 re
1134 698 1206 744 uera
1227 677 1477 769 septentrionalis
1498 676 1573 771 luit)
1591 676 1719 772 specia-

277 800 333 869 tim
348 799 493 890 usitetur,
507 811 612 868 tamen
639 822 701 868 non
727 798 827 867 rarius
854 821 949 867 sensu
976 799 1115 890 generali
1139 796 1207 890 (=
1221 798 1515 892 septentrionalis),
1544 800 1591 869 vel
1625 800 1722 869 etiam

276 945 371 993 sensu
405 922 458 1016 qui
497 922 687 1014 Norvegiam
727 919 936 1012 excludebat,
976 920 1148 991 adhibitum
1188 932 1248 993 est.
1311 925 1354 991 Et
1392 924 1436 993 sic
1474 924 1556 993 inter
1593 933 1720 1016 exteras

278 1047 419 1116 nationes
445 1068 560 1114 nomen
586 1042 861 1116 Nordmannorum
888 1066 960 1113 cum
986 1047 1150 1115 Danorum
1177 1047 1262 1116 vario
1288 1047 1383 1117 modo
1411 1046 1501 1139 jungi
1525 1055 1558 1116 et
1595 1045 1721 1116 misceri

279 1169 506 1263 perseveravit,
552 1179 588 1238 ut
613 1192 650 1238 er
678 1169 780 1240 verbis
818 1166 954 1237 auctoris
993 1167 1154 1260 cujusdam
1188 1170 1296 1239 Gallici
1335 1170 1430 1239 seculi
1468 1168 1569 1264 quarti
1608 1168 1722 1238 decimi

279 1291 384 1362 videre
410 1293 505 1383 licet,
546 1292 665 1387 quiite
692 1291 787 1361 verba
815 1290 902 1360 lacit:
943 1293 1199 1385 uNortmanni
1232 1293 1374 1385 lingua
1412 1291 1583 1362 barbara
1621 1290 1724 1362 dicti

278 1426 395 1507 sunt,
435 1415 548 1510 quasi
574 1416 752 1485 homines
778 1413 1149 1509 septentrionales,
1177 1441 1215 1487 eo
1242 1415 1328 1510 quod
1354 1414 1395 1485 ab
1421 1416 1469 1486 illa
1496 1415 1603 1485 mundi
1630 1426 1724 1509 parte

281 1549 446 1631 venemnt,
473 1540 589 1609 scilicet
615 1563 632 1609 a
653 1538 776 1631 Scythia
803 1536 954 1626 interiori,
980 1539 1248 1631 quaesecundum
1268 1538 1422 1609 Isidorum
1450 1550 1533 1608 terra
1560 1539 1724 1609 barbarica

278 1673 416 1733 vocatur.
456 1667 552 1733 Sunt
591 1661 748 1755 origine
780 1660 899 1752 Doni,
941 1660 1013 1753 quia
1046 1658 1086 1728 de
1111 1663 1208 1732 Dacia
1235 1663 1355 1756 egressi
1388 1658 1528 1753 sunt”¹;
1555 1661 1607 1756 qui
1635 1664 1725 1731 locus

278 1788 372 1858 etiam
392 1811 590 1858 communem
606 1787 687 1857 inter
707 1797 851 1855 auctores
865 1784 1000 1855 Gallicos
1014 1787 1202 1855 sententiam
1228 1786 1268 1856 de
1294 1787 1355 1856 situ
1376 1785 1587 1880 geographico
1612 1785 1726 1854 Daniae

278 1909 345 2003 (=··-
366 1912 489 2004 Daciae)
508 1914 665 2008 hujusque
691 1912 952 1985 denominationis
973 1911 1162 2006 etymologia
1177 1911 1340 2005 perspicue
1363 1907 1568 1978 demonstrat.
1609 1906 1727 1977 Seculo

280 2045 369 2105 sexto
396 2034 518 2104 decimo
545 2036 646 2107 adhuc
669 2061 783 2108 nomen
796 2039 1046 2132 antiquissimum
1068 2035 1192 2134 “diinslr
1207 2033 1323 2126 tungu’
1342 2034 1371 2101 in
1392 2030 1526 2102 lslandia
1552 2029 1727 2100 adhibitum

279 2158 445 2248 invenitur,
466 2182 536 2228 uam
558 2159 587 2227 iu
603 2161 712 2250 literis,
740 2162 778 2232 ab
800 2163 948 2255 episcopo
963 2162 1094 2232 Holensi
1110 2163 1190 2230 Jona
1204 2156 1359 2226 Arasonio
1388 2164 1421 2224 et
1447 2155 1560 2223 ceteris
1587 2176 1727 2245 magna·

243 2351 246 2358 ,
279 2280 363 2350 tibus
396 2279 434 2351 ad
467 2304 576 2375 regem
610 2284 819 2354 Christianum
854 2285 982 2354 tertium
1015 2308 1095 2353 anno
1132 2278 1227 2353 1540
1261 2279 1362 2349 missis
1396 2286 1526 2368 rogant,
1553 2298 1593 2345 ne
1632 2299 1729 2369 quem

281 2402 424 2475 lslandiae
449 2405 632 2498 prefectum
660 2409 846 2496 constituat,
881 2408 935 2502 qui
962 2431 1023 2477 riou
1056 2430 1095 2476 er
1133 2406 1238 2498 lingua
1267 2402 1385 2472 Danica
1411 2409 1497 2469 esset
1520 2397 1605 2491 (sem
1634 2397 1729 2493 ,elli

198 2522 202 2530 ’
281 2552 317 2598 er
341 2521 386 2597 'al
420 2526 547 2597 danslri
577 2524 712 2622 tdugu'‘,
750 2530 770 2598 i.
803 2554 833 2600 e.
861 2553 899 2599 er
929 2528 1051 2621 Dania,
1090 2527 1247 2619 Norvegia
1281 2526 1329 2624 vel
1360 2521 1494 2594 lslandia
1522 2517 1728 2611 oriundas)².

281 2652 445 2722 Editiones
472 2649 634 2742 libromm,
662 2654 691 2721 in
720 2651 853 2721 lslandia
881 2654 989 2722 seculo
1016 2652 1250 2722 sextodecimo
1277 2657 1403 2743 paratae,
1433 2646 1555 2740 parlim,
1584 2655 1618 2714 ut
1644 2643 1728 2714 tituli

281 2775 398 2865 lerunt,
424 2775 455 2843 in
481 2770 679 2865 „norroena”,
707 2774 818 2868 partim
846 2775 874 2844 in
901 2771 1080 2870 „islenzlra”
1106 2774 1210 2866 lingua
1230 2770 1398 2867 prodeunt,
1425 2769 1455 2837 in
1482 2792 1543 2862 qua
1570 2791 1605 2837 re
1631 2767 1730 2837 editio

283 2898 426 2992 princeps
451 2898 529 2970 Novi
556 2899 768 2986 Testamenti,
795 2897 835 2968 ab
863 2898 958 2970 Oddo
985 2896 1200 2970 Gottscliallrio
1225 2891 1353 2986 (Oddr
1378 2889 1730 2985 Gortsltllsson)

282 3023 465 3112 instaurata,
493 3021 675 3113 palmarium
702 3019 793 3091 nobis
820 3022 999 3116 exemplum
1027 3020 1158 3115 praehet.
1209 3019 1245 3087 In
1272 3015 1433 3110 privilegio
1459 3014 1544 3105 regis
1559 3011 1728 3084 Christiani

283 3146 380 3215 Tertii
407 3142 446 3213 ad
474 3144 587 3214 librum
614 3143 788 3237 edendum,
816 3144 889 3215 dato
917 3145 1040 3215 llulniae
1067 3145 1097 3214 in
1119 3151 1226 3213 octava
1248 3138 1388 3209 omnium
1410 3147 1590 3207 sanctorum
1621 3134 1727 3226 1539,

283 3270 331 3341 hic
352 3268 431 3339 liber
448 3266 488 3338 ab
508 3266 630 3337 editore
648 3267 679 3336 in
700 3291 879 3338 sermonem
906 3264 1131 3359 lslandicuml,
1159 3266 1189 3334 in
1216 3263 1306 3333 titulo
1320 3270 1427 3330 autem
1448 3261 1479 3328 in
1499 3255 1728 3354 “mmmmm’'

284 3413 474 3480 sermonem,
503 3392 671 3461 translatus
695 3414 765 3460 esse
788 3389 1057 3481 dicitur(„r'1tldgd
1078 3391 1096 3458 d
1116 3384 1314 3477 norroeno'').
1354 3381 1476 3452 Eodem
1491 3380 1586 3451 modo
1600 3383 1728 3453 Postilla

286 3514 350 3583 sire
375 3513 473 3584 Liber
505 3513 701 3584 homiliamm
728 3514 857 3584 Antonii
891 3513 1040 3602 Corvini,
1074 3512 1113 3582 ab
1140 3509 1253 3580 eodem
1280 3505 1375 3579 Oddo
1402 3504 1618 3576 Gottschallrio
1645 3529 1728 3575 anno

288 3634 381 3708 1546
409 3635 535 3721 editus,
576 3637 604 3705 in
633 3637 722 3707 titulo
749 3636 861 3706 dicitur
892 3636 921 3705 in
956 3629 1179 3726 “nostrerum'’
1218 3651 1396 3701 sermonem
1436 3627 1604 3697 translatus
1644 3651 1727 3719 esse,

284 3759 340 3856 (p
367 3783 515 3829 norroenu
543 3754 743 3851 dtlugdar''),
781 3761 811 3828 in
835 3758 1016 3853 praelatione
1054 3781 1129 3827 vero
1155 3754 1229 3826 dicit
1253 3762 1386 3841 auctor,
1426 3749 1484 3820 sibi
1516 3751 1728 3820 necessarium

284 3885 385 3953 visum
413 3905 508 3970 esse,
549 3882 630 3951 hunc
662 3880 778 3951 librum
812 3883 863 3977 “in
890 3904 1071 3951 sermonem
1109 3889 1251 3950 nostrum
1273 3873 1481 3958 lslandicum’'
1507 3883 1630 3943 uertere
1655 3871 1729 3967 (uat

286 4006 364 4078 suda
391 4005 514 4101 pessari
542 4009 633 4074 siimu
661 4003 939 4098 Corvinipostillu
965 4005 974 4073 i
1001 4014 1088 4073 vort
1114 4000 1294 4072 lslenzlsa
1322 3992 1537 4090 tringumdl'’).
1564 3996 1730 4064 -1nter

287 4129 401 4216 libros,
441 4151 520 4222 quos
547 4151 629 4197 anno
661 4124 753 4198 1542
780 4150 818 4197 cx
846 4127 958 4196 llnlnia
985 4126 1151 4196 lslandiam
1190 4124 1274 4193 misit
1307 4122 1473 4215 episcopus
1500 4116 1728 4189 Slrallroltensis

288 4254 421 4324 Gizurus
447 4251 552 4320 Einari
579 4249 721 4342 (Gizur
745 4248 988 4343 Eiuarsson)
1025 4258 1186 4319 numerat:
1214 4250 1383 4317 Sermones
1410 4241 1449 4311 de
1476 4241 1597 4313 Sanctis
1624 4241 1728 4309 lslan-

288 4377 356 4447 dioc
369 4374 533 4471 prosola
548 4374 587 4443 de
602 4374 717 4444 sanctis
732 4375 740 4442 l
753 4369 943 4466 islcnzlu”).
971 4371 1070 4442 Liber
1088 4369 1263 4465 epistolaris
1278 4367 1382 4438 Gizuri
1406 4367 1437 4435 in
1451 4366 1574 4435 collect.
1589 4364 1728 4454 Allagn.

287 4503 344 4570 Nr.
374 4498 445 4571 266
471 4498 540 4568 Fol.
567 4520 639 4591 pag.
667 4494 725 4567 33.
780 4499 828 4567 Er
857 4497 903 4566 luis
930 4494 1082 4588 exemplis
1110 4495 1201 4587 plane
1227 4490 1418 4579 innotescit,
1459 4489 1505 4557 lis
1532 4483 1728 4579 temporibus

288 4644 398 4708 omnes
425 4632 491 4690 tres
518 4618 788 4689 denominationes
811 4619 926 4710 lingue
947 4616 1088 4711 (meust
1111 4615 1225 4708 tinga3
1238 4652 1287 4668 ·-
1307 4635 1471 4702 nomoena3
1492 4650 1538 4660 -
1554 4603 1731 4701 lslenzla'’)

288 4745 390 4816 adhuc
409 4755 499 4815 notas
525 4744 633 4833 luisse,
661 4765 764 4838 neque
791 4741 926 4812 dubitari
954 4751 1070 4836 potest,
1097 4740 1171 4835 quin
1192 4740 1252 4809 hoc
1273 4737 1417 4807 ultimum
1436 4755 1551 4804 nomen
1578 4741 1729 4801 maternae

323 4897 332 4927 ¹
369 4898 526 4964 hongebek,
545 4901 601 4950 Sor.
620 4900 683 4950 lter.
702 4899 768 4948 Dan.
792 4896 828 4958 ll,
863 4893 1202 4960 la;eonrr.eusur.1r.
1222 4890 1371 4945 Mulleriin
1396 4893 1524 4941 Sororem
1543 4886 1730 4952 Prolecomepa

289 5009 349 5062 ρος.
371 4992 479 5045 10-12.

323 5084 334 5115 ²
353 5086 420 5137 sen
438 5085 467 5136 ru
487 5091 552 5148 lugu
571 5069 676 5135 turma
695 5083 731 5146 u,
748 5083 807 5134 eoa.

323 5178 334 5208 ⁸
370 5178 461 5244 „Hand
482 5176 696 5228 hsffoerndsett
714 5176 768 5227 thet
786 5191 835 5245 nye
853 5180 1005 5228 testamento
1023 5189 1083 5242 pos
1103 5171 1235 5225 lslsnds
1258 5169 1413 5258 tonglrffl.
1444 5169 1512 5219 Edit.
1533 5167 1580 5218 tol.
1599 5165 1660 5229 Aij3
1690 5165 1727 5214 Μ.

288 5270 399 5325 lletilas.
417 5270 544 5323 llorordn.
566 5272 608 5322 lor
625 5270 712 5322 leland
732 5271 760 5333 l,
778 5270 837 5321 22³.
