3717 5809
728 397 906 445 rumano.
1473 400 1540 447 xlx

116 564 165 631 lon
188 557 422 650 Tborlselssou,
448 581 531 628 nuno
556 559 586 628 in
613 559 717 629 schola
739 556 976 653 Replq'aricensi
1002 559 1122 648 collega
1149 558 1278 648 docens,
1307 572 1339 630 et
1365 559 1539 632 (ludbran-

117 684 164 754 dus
190 683 374 775 lliglusson,
407 680 627 777 stipendiarius
652 684 983 774 Arna-Magnarum,
1023 684 1204 777 quitatum
1231 707 1310 778 opus
1337 685 1538 778 perlegentes

118 828 247 876 novarum
266 804 452 897 editionum,
479 805 618 900 inprimis
639 803 738 876 Eddae
760 806 950 892 Snorrianae,
978 830 1131 876 numeros
1152 806 1397 901 adscripserunt,
1425 808 1541 877 lormas

118 927 247 1025 quasdam
270 925 384 1023 bperte
410 939 576 1024 corruptas
600 929 824 1024 exstirparunt,
852 952 947 1000 noras
974 929 1235 1023 significationes,
1264 929 1420 1001 interdum
1448 931 1542 1000 etiam

118 1052 247 1123 rambula
273 1050 476 1122 addiderunt.
516 1051 580 1122 Sed
606 1052 674 1122 baec
698 1062 762 1121 tam
789 1062 881 1123 caute
907 1066 1033 1124 etrum
1054 1054 1132 1124 lacta
1160 1065 1244 1143 sunt,
1271 1065 1307 1124 ut
1333 1055 1411 1125 ratio
1439 1055 1544 1148 operis

119 1199 150 1245 ne
172 1176 273 1246 leviter
298 1174 428 1269 quidem
455 1186 572 1245 mutata
599 1175 649 1245 sit.

247 1301 298 1367 lle
324 1298 417 1369 titulo
443 1299 515 1370 libri
541 1322 670 1369 necesse
697 1309 746 1369 est
769 1310 805 1369 ut
827 1301 973 1371 nonnulla
1001 1299 1208 1393 disputemus.
1236 1302 1343 1386 Quum
1370 1301 1479 1372 titulus
1506 1301 1545 1372 ab

118 1423 176 1515 ipso
194 1431 319 1492 anctore
337 1421 504 1517 inscriptus
530 1422 618 1516 (vide
638 1445 733 1517 supra
754 1446 827 1517 pag.
845 1424 1141 1516 var-vrnlminus
1162 1436 1254 1519 aptus
1282 1447 1352 1495 esse
1375 1424 1546 1513 videretur,

120 1546 185 1614 alter
206 1545 351 1615 inventus
378 1555 450 1638 est,
483 1547 538 1641 qni
564 1556 598 1616 et
622 1547 720 1616 menti
746 1549 883 1618 auctoris
909 1549 1031 1642 ipsias,
1072 1560 1104 1617 et
1130 1550 1201 1618 usui
1229 1548 1394 1618 Societatis
1429 1559 1546 1618 nostrae

119 1668 291 1737 conveniret.
358 1670 427 1739 Etsi
461 1668 501 1739 de
534 1669 660 1739 nomine
687 1670 801 1762 lingum
833 1672 931 1742 multa
957 1670 1114 1765 disputata
1140 1670 1218 1759 sint,
1260 1681 1292 1740 et
1318 1672 1547 1742 recentioribus

121 1791 297 1886 temporibus
325 1792 462 1862 marimo
485 1793 558 1885 jure
583 1791 624 1863 tle
651 1791 853 1864 haeredici
880 1795 999 1889 possit:

249 1914 372 1985 dilectis
400 1918 507 2010 pueris
535 1917 616 1987 varia
644 1918 770 1987 nomina
797 1916 881 2006 (lari,

120 2061 172 2106 non
191 2036 325 2108 dubitari
350 2047 465 2132 potest,
491 2039 567 2133 quin
594 2039 791 2110 doctissimus
805 2042 919 2111 Paulus
937 2044 1028 2113 Junae
1047 2036 1239 2128 Vidulinas¹,
1269 2040 1378 2130 legiler
1407 2040 1549 2112 islandus

119 2156 291 2254 (†1727),
315 2172 388 2231 ante
414 2163 663 2257 sesquiseculum
683 2184 750 2231 rem
773 2162 839 2253 jam
860 2187 917 2234 acu
946 2164 1095 2257 tetigerit.
1137 2165 1210 2248 Quo
1226 2173 1368 2257 tempore
1388 2165 1550 2234 literatura

120 2284 267 2354 vernacula
296 2283 432 2378 primum
458 2285 489 2354 iu
516 2284 649 2356 lslaadia
676 2297 786 2379 coepta
814 2296 880 2377 est,
908 2286 993 2381 quod
1021 2289 1135 2356 lactum
1163 2296 1212 2355 est
1236 2288 1343 2357 seculo
1371 2273 1566 2375 undecimo,

121 2406 240 2497 linguam
280 2409 389 2502 populi
427 2408 571 2479 lslandiai
610 2419 665 2478 out
705 2410 861 2503 „linguam
893 2410 1065 2480 Danioam”
1104 2419 1159 2478 aut
1196 2409 1354 2503 „linguam
1394 2411 1551 2480 nostram'’

121 2532 320 2622 appellarunt,
373 2543 410 2602 ut
447 2557 504 2604 nos
543 2531 670 2627 quidem
698 2543 844 2626 putamus
878 2534 1056 2628 exemplum
1098 2533 1274 2625 Anglorum
1313 2534 1430 2622 secuti,
1471 2557 1551 2627 quos

119 2653 217 2723 blandi
250 2665 378 2726 veteres
410 2656 441 2726 in
474 2681 535 2726 usu
567 2657 726 2728 literarum
758 2656 943 2726 Latinarum
969 2680 1028 2749 pro
1062 2654 1189 2727 [tunicis
1216 2656 1325 2726 imitati
1352 2666 1441 2746 sunt3
1480 2680 1552 2725 nam

120 2777 262 2848 notissima
289 2801 345 2849 res
372 2790 437 2871 est,
464 2780 601 2874 linguam
629 2780 788 2874 antiquam
815 2778 1093 2874 septentrionalem
1120 2779 1150 2848 in
1177 2778 1300 2873 seriptis
1326 2779 1553 2874 antiquioribus

119 2901 278 2993 bnglomnr
321 2914 488 2994 veterum,
529 2903 594 2972 sive
622 2904 943 2994 Angla-Saxonum,
982 2902 1132 2971 Danieam
1160 2897 1341 2995 (denisc)
1366 2898 1553 2997 appellari².

119 3023 217 3118 Neque
241 3025 340 3096 etiam
361 3026 494 3097 lortasse
520 3028 550 3097 in
578 3028 635 3097 bae
660 3050 696 3095 re
717 3026 904 3120 disputanda
933 3026 1045 3118 negligi
1068 3025 1183 3115 debet,
1218 3026 1304 3121 quod
1327 3026 1409 3096 inter
1429 3026 1553 3095 nomina

119 3151 244 3241 gentium
284 3173 402 3220 nomen
444 3153 606 3220 Danorum
651 3149 765 3242 saepius
808 3149 837 3218 in
886 3171 1034 3218 sermone
1073 3148 1197 3241 poetico
1241 3148 1379 3240 generali
1419 3147 1554 3243 quadam

119 3272 333 3364 significatione
357 3272 493 3365 gaudet,
534 3273 576 3343 ita
608 3284 643 3344 ut
682 3273 742 3342 boa
765 3295 881 3343 nomen
912 3271 1014 3363 gentis
1053 3295 1110 3365 pro
1149 3271 1264 3365 populo
1304 3271 1335 3340 iu
1376 3272 1554 3342 universum

118 3393 302 3467 adhibeatur.
353 3397 403 3465 Ex
429 3420 493 3492 quo
519 3396 609 3468 nobis
637 3396 701 3465 reri
727 3395 826 3465 simile
852 3395 899 3486 bt,
927 3395 987 3464 boc
1012 3418 1127 3464 nomen
1154 3418 1170 3463 a
1199 3393 1305 3487 primis
1331 3394 1425 3463 initiis
1449 3394 1556 3463 similis

119 3519 342 3610 significationis
364 3519 461 3590 luisse
477 3543 514 3590 ac
531 3515 664 3611 „mean”
691 3516 782 3610 (viri)
795 3557 815 3572 -
833 3512 954 3608 „brier”
979 3518 1135 3610 (incolae),
1163 3518 1211 3586 vel
1226 3517 1349 3605 similia,
1376 3541 1440 3612 quo
1460 3518 1556 3587 modo

119 3664 226 3733 amnes,
252 3642 302 3713 rel
328 3653 417 3712 certe
443 3643 550 3737 plures
577 3642 811 3736 antiquissimos
837 3641 971 3735 populos
992 3641 1203 3735 principaliter
1229 3663 1263 3710 se
1289 3640 1374 3734 ipsos
1398 3641 1556 3736 appellare

119 3762 286 3835 norimus³.
341 3765 493 3859 Exempla
520 3766 613 3860 bujus
639 3764 797 3858 generalis
824 3786 899 3833 usus
926 3763 1062 3832 nominis
1087 3766 1250 3834 Danorum
1276 3764 1307 3833 in
1335 3761 1556 3857 antiquissimis

119 3890 320 3960 monumentis
349 3888 462 3982 saepias
488 3899 675 3980 occurrunt,
703 3884 878 3983 posteriore
899 3894 1044 3979 tempore
1070 3898 1243 3956 rarescunt.
1296 3885 1343 3954 lta
1371 3886 1556 3978 compositio

119 4007 365 4105 ,berg-Daniss’,
391 4012 472 4082 llani
498 4012 650 4102 montani,
677 4012 699 4082 i.
726 4034 756 4081 e.
784 4008 972 4100 monticolae,
994 4006 1033 4079 de
1060 4009 1238 4102 gigantibus
1265 4009 1401 4078 occurrit
1426 4009 1456 4077 in
1483 4032 1557 4078 car-

119 4135 191 4205 mine
215 4136 341 4207 Eddicu
370 4136 568 4229 Hy'rnislrviba
595 4135 715 4228 stropb.
747 4132 802 4224 17,
829 4131 883 4203 ubi
911 4131 1000 4225 gigas
1026 4132 1139 4227 llpmir
1164 4132 1271 4201 Tboro
1299 4154 1429 4223 gregem
1458 4127 1554 4198 boum

120 4260 310 4348 monstrarit,
345 4269 383 4329 ut
409 4257 481 4329 inde
507 4282 611 4329 escam
637 4257 676 4328 ad
703 4256 886 4353 piscandum
913 4265 1082 4350 quaereret,
1110 4256 1156 4324 bis
1184 4254 1307 4324 verbis:

151 4468 158 4495 ¹
184 4471 272 4523 Danslr
297 4472 394 4533 ’l'rlnoee
418 4470 475 4539 (De
492 4469 589 4534 lingum
609 4465 824 4536 septentrionalis
847 4465 1019 4534 appellatione
1036 4465 1131 4516 baasa
1153 4465 1242 4531 binga,
1261 4463 1279 4517 i.
1298 4481 1320 4517 e.
1338 4463 1429 4529 lingna
1448 4463 1558 4523 Daniea,

121 4563 305 4631 commentatio)
340 4563 367 4615 ia
401 4561 482 4614 libro:
525 4562 690 4629 „Stlrlnger
722 4563 775 4629 ytlr
805 4557 924 4625 lornprlli
957 4558 1119 4610 ansbbkur.
1152 4558 1191 4610 erl.
1227 4556 1320 4609 aoeies.
1357 4557 1424 4609 liter.
1462 4556 1559 4609 lsland.

122 4656 259 4723 lteytjmlk
287 4658 362 4709 1854.
387 4657 449 4709 fleo.
478 4676 501 4726 p.
529 4655 678 4718 tea-1423
708 4653 800 4706 butino
818 4652 887 4705 edito
904 4657 929 4704 et
946 4648 1130 4719 supplementis
1148 4656 1223 4702 tuate
1241 4666 1298 4702 oum
1318 4651 1472 4714 Gunnlaags
1490 4663 1558 4711 sege

122 4752 275 4819 anselm,
294 4753 335 4805 erl.
356 4752 436 4803 [lato.
456 4750 536 4816 1775,
568 4764 626 4818 pag.
650 4745 796 4799 aaa-297.
842 4747 881 4797 lle
904 4746 983 4796 Paula
1010 4743 1132 4795 Videlino
1152 4743 1211 4797 vide
1228 4745 1294 4795 Satn
1312 4741 1342 4794 til
1367 4747 1438 4807 saga
1459 4727 1506 4793 lst.
1525 4743 1559 4806 ll,

125 4840 166 4893 ltl
176 4846 254 4896 417.

153 4959 252 5017 ’luter
278 4964 333 5015 aliu
351 4960 469 5030 exempla
491 4960 550 5013 vlle
573 4958 714 5011 nomiliam
738 4962 848 5008 veterem
872 4951 1008 5018 Anglieem
1033 4950 1130 5019 (seculi
1154 4946 1560 5020 nont),ea.c.n.u1agerin

123 5058 226 5110 Anaeter
244 5059 285 5109 lar
304 5056 419 5108 nordisk
439 5053 568 5125 otttynl.
589 5053 667 5118 lfllb,
686 5068 747 5122 pag.
759 5050 804 5118 ll,
821 5046 871 5114 293
891 5055 916 5099 et
934 5043 1073 5098 ebrouiaou
1092 5043 1247 5097 Etbeltrerdt
1266 5042 1317 5112 lv,
1334 5044 1351 5094 2
1369 5041 1434 5111 apud
1454 5044 1560 5102 bauge-

31 5135 32 5140 ’
125 5147 175 5215 leb,
191 5156 244 5204 Ser.
262 5154 328 5204 Ber.
348 5150 421 5200 Dan.
440 5150 475 5210 V,
492 5149 536 5199 85.

155 5252 163 5281 ¹
184 5258 242 5308 rho
255 5258 313 5320 tom
331 5253 426 5321 attigit
445 5256 473 5306 P.
491 5258 521 5308 Δ
540 5252 648 5320 Muoob,
667 5251 760 5303 Annel.
780 5249 821 5301 tor
839 5247 913 5300 narl-
932 5242 1065 5313 utakynt.
1086 5241 1167 5304 1846,
1186 5256 1244 5309 pag.
1263 5239 1307 5291 60.
