3717 5809
282 403 370 450 mn
913 403 1092 449 PRAEFATlO·

282 560 403 655 roena”,
443 587 539 659 quae,
566 566 591 635 si
617 588 711 636 sensu
737 563 863 657 speciali
889 563 1066 656 Norregieo
1093 574 1298 655 sumeretur,
1332 584 1425 655 prave
1451 562 1602 634 indicaret
1628 563 1726 634 libros

283 709 392 757 omnes
419 686 459 758 ad
485 688 563 758 lianc
584 689 776 759 literaturam
803 688 997 782 pertinentes
1024 687 1054 756 in
1083 686 1253 778 Norvegia,
1281 686 1330 755 rel
1357 710 1374 756 n
1401 686 1584 779 Norvegicis
1611 697 1728 758 aueto-

282 809 389 902 ribus,
424 812 472 881 val
498 810 631 883 dialecto
654 812 830 904 Narvegico
857 833 927 880 esse
954 810 1160 903 conscriptos,
1187 833 1284 904 quum
1310 810 1371 879 hoc
1398 807 1437 880 de
1463 809 1589 880 minimo
1616 833 1725 880 earum

283 943 372 1027 parta
406 933 464 1005 dici
491 936 600 1030 possit.
663 934 842 1029 Appellatio
874 935 1036 1026 singularis
1070 934 1201 1004 Norsica
1238 931 1377 1025 (Norse)
1415 934 1498 1003 omni
1538 932 1726 1003 auctoritate

284 1066 393 1147 caret,
420 1083 518 1153 quum
539 1059 605 1129 haec
631 1057 844 1128 denominatio
866 1082 928 1128 nou
949 1082 984 1128 re
1011 1081 1084 1127 vera
1111 1057 1167 1126 nisi
1194 1056 1234 1127 de
1261 1057 1403 1150 populari
1430 1057 1564 1152 quadam
1591 1056 1725 1126 dialecto

283 1181 527 1274 linguaevaleat,
555 1182 722 1277 posteriori
742 1193 885 1276 temporo
907 1183 935 1252 iu
958 1181 1136 1254 Orcadibus
1164 1191 1196 1251 et
1221 1181 1329 1250 insulis
1356 1180 1572 1272 adjacentibus
1599 1182 1724 1275 aliqua·

282 1315 374 1375 tenus
400 1318 594 1377 conservata.
645 1311 768 1379 Nomen
797 1329 836 1375 er
861 1304 996 1375 lslandia
1029 1305 1164 1375 marimo
1191 1304 1319 1399 quidem
1335 1304 1408 1397 jure
1435 1314 1633 1391 sumeretur,
1660 1328 1724 1374 noa

281 1429 383 1499 solum
417 1430 489 1524 quia
516 1455 553 1500 ar
588 1442 678 1525 parte
716 1429 829 1525 potiori
856 1429 924 1498 haec
951 1428 1163 1498 denominatio
1190 1427 1304 1519 fieret,
1344 1453 1441 1522 quum
1468 1453 1506 1498 ar
1533 1428 1725 1500 carminibus

281 1552 448 1643 historicis,
463 1577 533 1648 quae
547 1556 710 1625 materiam
724 1553 796 1623 lruic
810 1552 897 1646 operi
911 1551 1129 1646 praebuerunt,
1145 1562 1230 1622 certe
1245 1553 1339 1644 longe
1354 1552 1454 1646 major
1466 1576 1537 1647 pars
1553 1551 1724 1622 inlslandia

281 1678 329 1746 vel
343 1677 382 1747 ab
395 1676 525 1746 islandis
540 1678 724 1771 composita,
740 1677 843 1746 omnia
857 1699 932 1745 varo
951 1698 1008 1768 per
1022 1698 1132 1744 eorum
1147 1699 1275 1771 operam
1290 1685 1323 1745 at
1340 1675 1526 1746 industriam
1540 1686 1723 1746 conservata

282 1800 352 1890 sint,
373 1798 429 1869 sed
450 1799 544 1871 etiam
565 1812 745 1895 propterea,
769 1800 867 1894 quod,
895 1800 953 1869 etsi
982 1798 1086 1890 lingua
1102 1799 1221 1892 optimo
1241 1799 1315 1892 jure
1330 1799 1589 1894 Septentrioaalis
1610 1800 1724 1893 appel·

281 1921 374 2012 letur,
402 1933 506 1992 tamen
532 1948 588 2017 per
614 1926 697 1995 solos
717 1935 862 1995 auctores
881 1921 1052 1993 lslandicos
1078 1921 1116 1990 ad
1144 1921 1304 1991 classicam
1329 1921 1511 2015 dignitatem
1533 1932 1640 1993 erecta
1661 1930 1723 1993 est.

281 2047 394 2138 Neque
422 2046 487 2117 lraee
500 2047 712 2118 denominatio
733 2048 845 2118 eodem
866 2045 974 2134 modo,
997 2055 1092 2138 atque
1113 2044 1174 2114 illae
1188 2044 1227 2115 de
1241 2046 1340 2115 Dania
1361 2056 1393 2115 et
1406 2047 1561 2138 Norvegia
1575 2056 1723 2139 sumptae,

282 2168 387 2238 lalsam
402 2168 442 2238 de
456 2170 605 2240 hodierna
620 2171 725 2263 lingua
746 2171 912 2263 imaginem
934 2191 1104 2262 provocare
1123 2178 1248 2260 posset,
1276 2179 1360 2239 tauta
1377 2151 1464 2240 euim
1484 2171 1566 2239 inter
1584 2170 1724 2260 linguam

281 2292 400 2386 antiqui
426 2302 458 2361 ot
485 2293 625 2364 hodierni
646 2295 744 2364 saculi
769 2294 800 2363 in
822 2291 956 2363 Islandia
982 2290 1151 2361 similitudo
1178 2291 1285 2383 adest,
1328 2303 1365 2362 ut
1401 2295 1426 2363 si
1453 2318 1548 2388 opera
1576 2294 1723 2363 historica

281 2415 348 2485 Arii
376 2416 440 2485 sive
468 2417 587 2486 Snorrii
614 2418 737 2488 Sturlrei
770 2440 893 2510 pagano
925 2414 1078 2485 lslandico
1112 2416 1244 2486 recitare
1271 2415 1358 2507 valis,
1386 2417 1475 2511 plane
1501 2428 1533 2487 te
1559 2417 1723 2510 intelligat,

282 2548 314 2607 et
342 2539 410 2632 ipse
443 2537 555 2609 eodem
582 2539 690 2631 modo,
730 2538 857 2610 easdem
878 2539 907 2608 in
941 2561 1087 2609 sermone
1121 2539 1284 2608 lormaado
1318 2551 1351 2608 at
1382 2541 1601 2634 componendo
1635 2542 1725 2635 leges

281 2660 471 2753 linguisticas
505 2686 661 2756 sequens,
701 2686 735 2732 aa
769 2637 934 2756 exprimat.
1001 2660 1063 2732 Sed
1102 2661 1216 2731 lslandi
1256 2686 1383 2755 semper
1419 2685 1454 2733 ra
1488 2664 1552 2756 ipsa
1587 2665 1726 2735 contenti

281 2784 420 2876 luerunt,
448 2777 533 2878 q'uod
950 2774 954 2792 '

478 2931 535 3003 per
560 2909 661 2978 varios
688 2931 797 3000 casus,
825 2931 881 3002 per
906 2916 954 2978 tot
980 2906 1156 2977 discrimina
1182 2930 1288 2977 rernm

281 3032 418 3123 liugnam
440 3041 566 3125 patrum
588 3042 621 3100 et
641 3032 833 3101 literaturam
855 3041 888 3100 et
907 3029 1092 3100 traditiones
1112 3029 1303 3126 antiquitatis
1326 3040 1389 3099 tam
1410 3030 1545 3102 fideliter
1564 3033 1669 3104 colare
1690 3046 1726 3104 et

281 3176 406 3256 servare
431 3154 467 3223 iis
494 3154 636 3245 eontigit.
676 3156 718 3224 Et
741 3164 904 3248 praeterea,
933 3176 1031 3247 quum
1045 3176 1107 3222 uon
1122 3155 1224 3223 solum
1238 3177 1348 3224 eorum
1364 3177 1471 3248 opera,
1498 3154 1555 3225 sed
1575 3157 1668 3226 etiam
1683 3180 1723 3228 ex

279 3277 382 3372 aliqua
421 3288 510 3372 parte
548 3280 788 3370 Narvegorum,
828 3279 1009 3368 Danorum,
1049 3276 1254 3367 lnsularium,
1294 3277 1376 3347 lorte
1415 3277 1508 3348 etiam
1549 3281 1723 3350 Svecorom

279 3400 309 3469 in
346 3400 407 3470 lanc
443 3422 540 3494 opere
579 3400 641 3469 sint
663 3400 914 3492 accommodata,
955 3401 1029 3495 quia
1062 3422 1177 3470 nomen
1215 3402 1394 3493 generalius
1421 3401 1608 3471 sumendum
1636 3412 1724 3473 esset

279 3522 407 3592 minime
440 3521 647 3592 dubitandum
680 3547 751 3594 esse
789 3523 963 3594 videbatur.
1028 3527 1132 3596 Unum
1164 3523 1356 3594 desiderium
1388 3533 1473 3615 erat,
1506 3523 1653 3594 nimirum
1684 3537 1723 3595 ut

278 3645 428 3715 vocabula
455 3644 484 3713 in
513 3645 650 3715 metricis
676 3645 931 3741 inscriptionibus
956 3646 1084 3716 lluuieis
1110 3658 1291 3717 conservata
1327 3647 1430 3739 colligi
1457 3656 1490 3717 et
1516 3647 1603 3742 operi
1630 3647 1722 3741 adjici

278 3778 426 3861 possent,
467 3767 522 3837 sed
543 3791 641 3861 quum
661 3792 753 3862 spes,
786 3791 856 3863 quae
891 3768 981 3839 nobis
1009 3770 1048 3840 da
1067 3771 1126 3840 hac
1149 3794 1183 3840 re
1210 3771 1283 3862 luit,
1311 3770 1350 3840 ad
1376 3782 1500 3864 tempus
1528 3771 1721 3860 noslelellit,

277 3890 473 3960 inlaturum
500 3899 624 3983 tempus
651 3890 814 3961 reserenda
840 3902 900 3961 est.

431 4119 617 4213 Scripsimus
644 4120 767 4190 llalniae
793 4091 1097 4193 mense‘uacemnri
1124 4124 1194 4193 anni
1220 4147 1382 4193 nncccax.
