3717 5809
296 391 383 442 XXV!
930 396 1110 444 PRAEFATIO.

446 554 552 650 „[Sua
579 579 646 625 sem
672 557 789 626 merhir
814 557 886 626 nalo
913 559 989 652 pat,
1029 580 1065 626 er
1097 559 1152 626 ver
1185 554 1308 651 gelum]
1346 559 1436 654 pessi
1463 560 1559 628 lostu.
1618 555 1742 626 Imbres

297 678 379 748 beita
406 677 511 748 skdrir
536 681 554 748 d
579 680 707 772 Latina,
731 703 770 749 en
797 681 851 749 rdr
876 677 1029 749 bliindum
1055 702 1162 748 saman
1188 680 1301 749 Latlnu
1329 681 1368 750 oh
1395 680 1520 751 danslrri
1548 681 1668 771 tringu,
1694 682 1743 774 ph

297 823 333 869 er
346 801 466 871 lriillum
480 800 676 895 imbrudaga,
703 806 763 899 pat
781 826 817 873 er
837 801 1028 892 shdrdagar,
1056 802 1109 896 pvl
1124 814 1156 872 at
1175 802 1249 898 peir
1269 826 1344 874 voro
1360 805 1437 899 lyrst
1451 805 1483 874 til
1498 829 1593 897 regns
1608 798 1742 891 settir”;

301 924 321 992 i.
348 947 379 993 e.
407 934 442 993 ut
468 925 621 1016 siguificat
659 950 793 1017 nomen,
833 923 918 1021 quod
957 926 1029 995 huic
1062 926 1182 1019 jejunio
1220 927 1398 997 tribuimus.
1463 928 1584 999 Imbres
1627 927 1743 996 Latine

297 1048 404 1142 pluvia
430 1047 560 1138 dieitur,
604 1072 660 1119 nos
694 1061 801 1120 autem
834 1059 1000 1144 utramque
1034 1050 1171 1141 linguam
1197 1049 1347 1119 Doricam
1375 1058 1407 1120 et
1432 1051 1575 1120 Latinam
1603 1049 1743 1119 conlun-

297 1171 417 1264 dimus,
445 1171 584 1242 dieeutes
611 1171 829 1265 imbrudagar,
856 1172 887 1242 id
914 1184 980 1243 est:
1008 1173 1154 1243 imbrium
1180 1172 1266 1262 dies,
1294 1174 1443 1266 quoniam
1470 1174 1499 1243 in
1520 1172 1670 1269 principio
1703 1170 1743 1240 ad

298 1294 416 1364 imbres
443 1294 534 1387 positi
562 1306 663 1365 erant.

448 1420 613 1488 Tractatus
640 1418 836 1511 philologici,
871 1420 924 1513 qui
951 1420 981 1488 in
1009 1418 1116 1488 codice
1142 1417 1332 1490 Wormiauo
1358 1438 1429 1487 cum
1454 1417 1544 1487 Edda
1572 1416 1745 1487 Snorriana

293 1542 491 1635 junguntur,
530 1539 712 1635 praeclaram
746 1543 847 1611 lucem
880 1541 954 1611 huic
983 1545 1030 1611 rei
1061 1541 1209 1611 aderunt.
1273 1543 1308 1610 lu
1341 1541 1442 1634 primo
1469 1550 1621 1630 tractatu,
1661 1539 1745 1608 circa

298 1686 414 1734 annum
432 1663 526 1735 1140
546 1663 661 1758 scripto
674 1663 807 1755 (Snorra
821 1664 911 1735 Edda
931 1689 966 1754 ιι,
985 1662 1129 1757 10-43),
1144 1675 1265 1755 auctor,
1281 1664 1334 1759 qui
1349 1664 1450 1734 nullos
1464 1663 1561 1734 libros
1576 1661 1745 1731 historicos

298 1786 404 1879 lingua
432 1786 596 1856 vernacula
624 1786 768 1880 scriptos,
796 1789 1049 1881 praeterscripta
1077 1788 1142 1858 Arii
1158 1787 1368 1883 polyhistoris,
1396 1787 1581 1879 cognovisse
1608 1782 1744 1876 videtur,

298 1909 357 1980 sibi
384 1910 579 2004 propositum
605 1933 676 1980 esse
703 1910 787 2002 dicit,
815 1911 994 2004 exemplum
1020 1910 1195 2003 Anglorum
1224 1912 1373 1998 imitanti,
1401 1908 1603 2003 alphabetum
1630 1906 1745 2003 ,nobis

299 2027 451 2102 islandis''
477 2032 699 2125 conscribere,
739 2058 838 2129 quare
865 2034 1004 2127 plurimis
1031 2034 1106 2103 locis
1132 2045 1296 2126 „nostrum
1324 2028 1544 2123 sermonem”,
1583 2042 1745 2122 „nostram

298 2151 471 2247 linguam’',
499 2167 662 2246 „nostrum
695 2151 917 2250 alphabetum”
945 2155 1033 2247 (sort
1058 2158 1118 2228 mdl
1143 2197 1194 2209 -
1219 2181 1276 2227 vor
1308 2157 1407 2249 tringa
1433 2194 1481 2207 -
1515 2165 1584 2225 sort
1616 2152 1749 2245 stalrol)

298 2279 446 2371 appellat.
500 2282 571 2349 Uno
605 2291 725 2350 tantum
759 2281 829 2349 loeo
861 2280 1017 2371 „linguam
1052 2280 1225 2350 Danicam’'
1256 2278 1392 2372 (danslra
1426 2278 1544 2371 tingo)
1576 2301 1616 2348 co
1649 2275 1747 2347 modo

298 2404 449 2485 nominat,
475 2413 509 2472 ut
523 2403 722 2496 perspicuum
735 2405 775 2474 sit
789 2402 921 2474 eandem
937 2426 1021 2489 esse,
1048 2426 1142 2497 quam
1169 2414 1330 2494 „nostram
1351 2401 1508 2495 linguam''
1534 2400 1647 2471 ceteris
1669 2400 1747 2471 locis

299 2524 476 2616 appellavit.
502 2562 553 2575 -
579 2528 612 2595 ln
641 2537 774 2597 tractatu
801 2526 959 2616 secundo,
995 2528 1095 2596 serius
1127 2525 1272 2620 quidem,
1307 2525 1363 2595 sed
1396 2536 1502 2594 tamen
1529 2534 1603 2594 ante
1630 2546 1747 2593 annum

303 2645 397 2718 1200
422 2646 552 2740 scripto,
579 2672 738 2744 uunquam
765 2650 902 2720 occurrit
928 2649 1139 2718 denominatio
1173 2647 1277 2718 diinsk
1303 2647 1417 2739 tinga,
1452 2670 1555 2741 neque
1588 2670 1747 2739 norroena,

299 2768 354 2840 sed
383 2771 604 2842 tantummodo
630 2796 707 2864 „vor
733 2771 849 2865 triuga''
881 2771 1005 2865 (nostra
1039 2770 1170 2863 lingua).
1196 2809 1247 2823 -
1273 2773 1308 2840 ln
1342 2770 1436 2840 tertio
1469 2780 1623 2860 tractatu,
1651 2794 1747 2864 quern

300 2893 421 2964 Olorus
451 2892 621 2964 britaslrald
649 2895 728 2965 eirca
755 2897 803 2965 vcl
830 2905 902 2965 ante
929 2893 1163 2968 annum1250
1189 2893 1322 2987 scripsit,
1349 2894 1447 2963 semel
1467 2903 1590 2962 tantum
1611 2894 1749 2964 occurrit

301 3015 515 3085 denominatio
542 3018 572 3112 „l
598 3016 724 3088 danslrri
751 3018 889 3111 tdngu”,
929 3041 1001 3087 cum
1040 3018 1209 3089 variatione
1244 3017 1274 3114 ,i
1313 3016 1471 3086 norroenni
1512 3013 1650 3110 tringu’',
1690 3016 1749 3088 sed

193 3157 196 3164 '
299 3137 472 3231 sepissime
506 3140 537 3235 ιιί
557 3164 720 3242 ,ιιοιιωιιιι
755 3178 806 3194 -
839 3163 989 3210 uorroenu
1023 3140 1142 3210 stalroli
1168 3180 1219 3193 -
1244 3163 1393 3211 norroenu
1419 3140 1493 3209 mtti
1519 3179 1569 3193 -
1596 3164 1749 3211 norroenu

300 3261 500 3359 slrdldslrap”.
554 3267 624 3336 Uno
656 3265 725 3335 loco
761 3264 930 3358 opponitur
964 3263 1121 3334 scribendi
1153 3265 1233 3335 ratio
1267 3266 1499 3335 Germanorum
1526 3274 1559 3333 et
1582 3266 1750 3334 Danorum

300 3386 486 3483 (py'derslrir
511 3409 605 3456 menn
631 3388 673 3457 olr
700 3385 844 3479 danslrir)
870 3387 898 3457 ei
918 3385 1045 3474 rationi,
1072 3410 1143 3481 quae
1163 3389 1193 3458 in
1214 3389 1321 3480 lingua
1334 3387 1570 3478 septentrionali
1596 3385 1750 3477 (noroenu

301 3511 389 3600 mili)
404 3520 575 3604 usurpetur
587 3510 661 3601 (Sn.
674 3508 764 3580 Edda
778 3536 821 3600 ιι,
842 3508 938 3602 134),
957 3536 1116 3608 quamque
1129 3511 1337 3583 recentiorem
1351 3531 1422 3578 esse
1435 3518 1545 3578 auctor
1555 3508 1685 3601 judicat.
1698 3548 1750 3561 —

302 3635 337 3702 ln
364 3633 557 3726 prelatione,
584 3656 655 3727 quae
681 3645 752 3728 post
766 3634 885 3704 Snorrii
899 3636 1024 3705 Sturlaei
1052 3646 1193 3731 tempora
1219 3635 1332 3728 scripta
1359 3647 1418 3724 est,
1446 3637 1493 3705 vel
1514 3633 1629 3703 certius
1645 3632 1749 3703 inter-

303 3756 423 3849 polata,
451 3779 548 3850 quum
574 3754 643 3846 ejus
670 3758 855 3826 auctoritate
881 3757 1016 3850 nitatur,
1044 3758 1141 3829 etad
1173 3769 1316 3854 tempora
1342 3759 1439 3828 seculi
1466 3758 1568 3853 quarti
1592 3756 1704 3825 decimi
1730 3779 1748 3825 a

303 3884 458 3954 nonnullis
492 3883 609 3970 relata,
648 3879 748 3972 prisca
783 3878 996 3951 denominatio
1035 3882 1066 3978 ,i
1092 3882 1218 3952 danslrri
1250 3877 1370 3975 tdogu”
1407 3879 1591 3969 adhibetur,
1630 3878 1687 3949 sed
1717 3879 1749 3948 in

304 4016 437 4076 tractatu
464 4014 589 4099 quarto,
617 4002 699 4072 circa
724 4001 862 4082 medinm
890 4003 988 4074 seculi
1015 4006 1118 4099 quarti
1144 4003 1257 4075 decimi
1296 4016 1332 4076 ut
1364 4001 1488 4073 ridetur
1520 4004 1653 4096 scripto,
1694 4001 1750 4096 qui

304 4128 438 4197 lortasse
476 4127 575 4197 Priori
608 4124 906 4195 Munlrathveraensi
934 4127 1038 4218 Bergo
1067 4128 1173 4198 Soldrii
1206 4128 1269 4199 lilio
1301 4126 1489 4198 tribuendus
1525 4137 1592 4217 est,
1632 4146 1748 4194 nornen

303 4249 503 4343 „norroena”,
530 4245 940 4341 „uorroenu-slrlldslmpr'’,
967 4251 1185 4321 tantummodo
1206 4251 1352 4322 occurrit.

453 4371 546 4467 Apud
585 4384 730 4441 auctores
769 4369 935 4440 historicos
973 4373 1141 4442 terminum
1179 4374 1253 4444 satis
1291 4387 1412 4447 certum
1452 4376 1482 4446 in
1509 4384 1601 4445 etate
1628 4371 1749 4443 Snorrii

305 4496 430 4566 Sturlaei
456 4494 621 4584 habemus,
649 4517 745 4588 quum
773 4502 846 4563 aute
871 4493 940 4587 ejus
967 4507 1110 4589 tempora
1136 4519 1250 4566 nomen
1276 4498 1398 4589 „ddnslr
1419 4493 1538 4591 tringa”
1564 4499 1631 4568 lere
1656 4496 1749 4565 unice

304 4629 459 4709 occurrat,
486 4627 597 4712 postea
624 4638 697 4687 raro
724 4616 912 4711 “nummus”
938 4619 1107 4688 marimum
1134 4619 1247 4690 valeat.
1297 4625 1410 4718 Neque
1436 4621 1495 4692 loci
1522 4619 1655 4710 desunt,
1683 4618 1748 4689 sive

307 4739 389 4834 apud
416 4752 553 4831 nostros,
581 4740 646 4811 sive
672 4736 754 4834 apud
782 4741 1066 4835 exterosexenrpla
1086 4764 1276 4835 queramus,
1304 4745 1357 4838 qui
1381 4745 1599 4816 demonstrare
1626 4742 1750 4836 possint

304 4863 442 4956 linguam
471 4862 566 4933 totius
580 4862 816 4956 septentrionis,
844 4863 908 4933 sive
935 4863 1118 4933 nominatim
1145 4865 1240 4935 trium
1265 4890 1436 4958 regnorum
1457 4864 1750 4961 septentrionalium

305 4996 337 5057 et
362 4984 530 5074 lslandiae,
557 5009 651 5056 unam
679 4979 875 5080 eandemque
916 4986 1023 5057 luisse.
1075 4988 1121 5057 lto
1153 4986 1241 5059 verbi
1267 5011 1361 5060 causa
1387 4991 1583 5083 AEluotbus,
1623 4988 1749 5058 natione

304 5109 447 5202 Anglus,
488 5110 541 5203 qui
568 5110 647 5179 circa
674 5130 789 5178 annum
820 5107 914 5180 1110
941 5109 1112 5179 Historiam
1147 5113 1180 5182 S.
1208 5113 1318 5181 Canuti
1349 5113 1460 5182 Daniae
1493 5113 1577 5205 regis
1611 5110 1748 5204 scripsit,

304 5243 413 5327 aperte
439 5243 592 5310 testatur,
631 5230 754 5303 dicens:
807 5231 1034 5327 “Aquilonales
1061 5243 1186 5324 autem,
1215 5233 1267 5327 qui
1302 5230 1350 5304 ob
1385 5234 1505 5304 situm
1531 5234 1748 5326 regionum
