3717 5809
756 435 936 483 palarmo.
1472 437 1571 484 XXVll

21 605 23 680 Ι
135 600 297 673 Normanni
325 599 490 688 dicuntur,
530 607 563 667 et
586 594 697 665 Ysonii
723 592 761 686 (i.
782 617 811 665 e.
838 594 987 688 blandi),
1026 593 1079 688 qui
1115 593 1209 663 etiam
1242 592 1284 662 ob
1319 593 1428 665 hiemis
1454 594 1572 667 ibidem

134 722 358 793 vehementiam
384 733 419 792 et
445 720 594 814 longioris
635 717 745 810 glaciei
784 718 917 810 seriem,
958 715 1130 809 Glaciales,
1171 725 1247 785 tarn
1287 717 1438 808 patria,
1478 744 1572 813 quam

21 861 22 884 ¹
135 846 368 916 Normanica
396 855 428 914 et
451 844 610 915 Danica
636 840 770 933 lingua
797 839 967 909 vocantur”
999 838 1190 930 (Langehelr
1217 841 1285 909 Scr.
1311 842 1388 909 lter.
1414 844 1496 912 Dan.
1523 869 1572 936 ιιι,

135 967 236 1060 331),
276 992 350 1063 que
376 968 471 1039 verba
508 967 583 1036 satis
619 974 763 1034 accurate
789 960 926 1032 reddunt
953 961 1225 1031 denominationes
1251 984 1327 1056 „vor
1352 961 1471 1056 tdnga”
1498 966 1516 1035 i.
1544 991 1574 1038 e.

134 1091 246 1164 islenzlr
275 1090 392 1184 lainga,
432 1091 496 1161 sice
534 1088 650 1181 „tunga
684 1072 900 1177 lslendinga'',
941 1079 1130 1180 „norroena”
1165 1095 1198 1153 et
1223 1084 1345 1180 „diinslr
1371 1087 1499 1179 tdnga’'.
1526 1129 1576 1142 -

134 1216 279 1287 Similiter
307 1214 401 1283 etiam
428 1214 638 1306 fragmentum
659 1208 858 1300 lslandicum,
886 1209 967 1278 circa
994 1231 1109 1277 annum
1139 1205 1233 1277 1222
1260 1220 1296 1278 ut
1334 1208 1455 1281 videtur
1493 1216 1576 1282 sori·

134 1351 239 1434 ptum,
280 1335 321 1408 de
349 1339 471 1407 Canuto
499 1338 661 1405 Danorum
687 1355 763 1426 rege
789 1332 830 1401 ita
858 1330 953 1401 verba
981 1332 1066 1401 lacit:
1119 1331 1262 1426 unsrun,
1303 1355 1338 1401 er
1374 1334 1576 1408 Landbertus

134 1460 435 1549 hdtslrirnarnaini,
474 1459 515 1529 ol
541 1459 662 1529 kalladr
687 1457 778 1526 er‘d
816 1452 966 1525 danslra
1005 1454 1131 1542 taingu
1171 1453 1213 1523 alr
1253 1478 1440 1527 norroenn
1472 1460 1578 1531 Kndtr

133 1585 206 1656 rili’
234 1586 255 1654 i.
284 1610 315 1654 e.
343 1585 496 1674 Cornutus,
524 1583 576 1677 qui
603 1582 633 1650 in
664 1579 821 1673 baptismo
847 1601 961 1648 nomen
988 1575 1162 1646 Landberti
1193 1588 1301 1647 nactus
1328 1590 1387 1670 est,
1415 1592 1447 1652 et
1472 1583 1578 1677 lingua

133 1709 251 1779 Danica
292 1719 325 1776 et
363 1705 536 1796 Norvegica
577 1706 717 1776 Canutus
756 1712 868 1796 potens
906 1711 956 1770 est
999 1699 1170 1792 appellatus
1195 1698 1355 1793 (Langeb,
1396 1707 1463 1775 Scr.
1502 1711 1578 1779 Iter.

21 1903 22 1920 ,
133 1833 214 1901 Dan.
240 1855 297 1920 n,
347 1825 461 1920 426);
500 1828 614 1922 quihus
663 1825 767 1897 verbis
805 1824 888 1894 clarc
920 1821 1096 1913 indicatur,
1153 1822 1285 1894 eandem
1332 1827 1469 1919 linguam
1508 1854 1579 1901 esse

135 1956 297 2025 Danorum
338 1962 371 2021 et
406 1954 640 2044 Norvegorum.
716 1953 784 2020 Nec
821 1947 922 2017 miuus
958 1944 1122 2014 indubium
1159 1956 1225 2038 est,
1264 1949 1367 2019 verbis
1399 1954 1437 2042 „d
1463 1952 1580 2026 dansla

136 2075 253 2168 tdngu”
284 2097 396 2146 omnes
422 2086 523 2144 terras
550 2071 825 2168 septentrionales,
854 2081 887 2141 et
912 2069 1068 2163 precipue
1094 2070 1242 2158 Duniam,
1269 2073 1458 2166 Norvegiam
1485 2088 1580 2172 atquc

21 2201 22 2204 ’
138 2200 274 2270 Sveciam
301 2195 442 2267 indicari.
506 2198 595 2266 lnter
632 2195 774 2288 exempla
814 2215 885 2286 que
923 2192 984 2260 hoc
1022 2190 1158 2283 probant
1195 2193 1329 2263 sufficiat
1355 2196 1422 2266 haec
1447 2198 1580 2270 afferre:

138 2322 274 2393 Historia
289 2319 507 2412 camiletum,
527 2344 553 2390 s.
567 2320 735 2414 llnptllnga
749 2340 836 2408 saga,
857 2339 926 2409 cap.
947 2312 1003 2386 17.
1023 2314 1168 2404 (Forum.
1183 2338 1209 2384 s.
1224 2341 1274 2406 xr,
1302 2316 1391 2411 201)
1404 2323 1444 2390 de
1459 2323 1581 2394 Cunuto
1706 2341 1710 2360 ’

140 2449 251 2539 hlagno
279 2443 392 2515 Daniae
417 2447 508 2536 Rege
534 2441 625 2512 dicit:
652 2442 734 2538 „Hic
760 2440 932 2536 appellatus
959 2452 1008 2510 est
1028 2443 1168 2512 Conutus
1197 2451 1321 2532 potens,
1349 2441 1412 2512 sive
1440 2445 1578 2517 Canutus
1700 2499 1704 2507 .

146 2569 341 2663 grandaevus,
370 2568 490 2661 luitque
516 2564 751 2662 potentissimus
778 2587 834 2634 rex
861 2574 893 2632 et
911 2561 1051 2633 latissimi
1076 2564 1197 2658 imperii
1219 2563 1369 2658 omnium,
1397 2568 1449 2660 qui
1477 2568 1582 2662 lingua

145 2693 256 2763 [tunica
282 2686 493 2762 utebantur¹.
519 2690 645 2758 -De
672 2688 774 2759 Olavo
800 2686 948 2781 Trpggvii
975 2687 1057 2777 filio,
1090 2688 1257 2780 Norvcgiae
1282 2711 1378 2780 rege,
1405 2693 1494 2785 quasi
1521 2717 1582 2763 una

146 2839 215 2886 uoce
254 2812 363 2885 dicunt
401 2824 567 2904 auctores,
608 2811 815 2903 Gunnlaugus
842 2819 876 2879 et
915 2808 1028 2882 Oddus
1066 2809 1110 2902 (c.
1142 2810 1264 2902 1200),
1306 2819 1338 2880 et
1363 2815 1583 2907 compendium

145 2938 288 3009 Historiae
314 2937 493 3029 Norvegia,
519 2935 713 3028 Fagrslinna
741 2932 858 3004 dictum
880 2933 926 3027 (1,
957 2932 1084 3026 1250):
1111 2935 1194 3005 hunc
1219 2933 1461 3005 celeberrimum
1489 2934 1584 3006 luisse

147 3061 280 3130 omnium
302 3058 514 3155 principalium
539 3059 689 3148 virorum,
711 3057 832 3127 Danica
856 3057 961 3149 lingua
987 3058 1156 3148 utentium,
1183 3060 1247 3128 sive
1273 3059 1303 3126 in
1330 3058 1366 3126 iis
1391 3056 1584 3146 regionibus,
1623 3127 1625 3129 ,

147 3207 212 3279 que
228 3184 347 3254 Danica
363 3182 466 3274 lingua
479 3180 651 3252 utebantur
662 3180 807 3271 (Forum.
822 3203 847 3249 s.
861 3204 910 3268 111,
929 3180 995 3271 103
1022 3205 1059 3270 x,
1074 3177 1162 3271 3643
1178 3180 1311 3273 Fagrslr.
1328 3204 1358 3273 p.
1374 3177 1439 3270 66)
1454 3174 1483 3249 ⁹.
1535 3184 1586 3249 De

146 3307 353 3400 lngebjarga,
380 3304 441 3374 tilia
466 3304 551 3397 regia
576 3303 768 3398 Upsaliensis
807 3303 836 3372 in
877 3303 984 3374 Svecia
1024 3302 1151 3374 dicitur:
1179 3305 1259 3373 banc
1285 3302 1380 3372 luisse
1419 3302 1586 3372 formosis·

148 3429 254 3500 umam
282 3427 435 3520 virginem
461 3437 494 3497 et
518 3425 930 3521 sapientissimamomnium
943 3426 1062 3498 Danica
1088 3427 1193 3519 lingua
1220 3425 1399 3512 utentium,
1425 3448 1483 3495 seu
1509 3426 1587 3496 intra

149 3553 223 3623 lines
253 3551 371 3644 lingua
396 3551 526 3620 Danicae
550 3547 726 3641 (Hervarar
751 3548 871 3643 sagain
897 3548 1042 3620 Fornald.
1069 3555 1138 3643 s'o‘g.
1155 3550 1282 3620 Norbrl.
1309 3575 1340 3641 1,
1372 3546 1444 3620 516
1470 3574 1589 3620 secun·

153 3674 224 3745 dum
252 3672 393 3745 codicem
419 3672 660 3744 membraneum
685 3672 812 3742 Domini
838 3672 944 3741 Hauli
964 3672 1189 3762 Erlendssonii,
1217 3683 1289 3742 ante
1316 3682 1350 3742 et
1375 3683 1447 3766 post
1472 3697 1589 3743 annum

154 3796 244 3870 1300
271 3793 477 3890 scriptum)⁸.
514 3833 566 3849 -
603 3793 793 3867 Notissimus
833 3804 883 3865 est
921 3795 1007 3865 locus
1047 3795 1076 3863 in
1110 3796 1296 3866 Praelatione
1322 3796 1426 3889 operis
1453 3795 1590 3866 historici

152 3921 267 3993 Snorrii
295 3919 433 4009 Sturlei,
461 3920 492 3990 in
519 3944 582 4014 quo
608 3919 737 4002 historia
762 3918 996 4011 Ynglingorum
1017 3918 1134 3987 Svecie
1160 3941 1272 4010 regum
1292 3917 1452 3988 etdaindc
1477 3942 1591 4011 regum

152 4042 317 4135 Norregiae
336 4041 470 4135 primum
492 4041 594 4112 locum
616 4052 713 4133 tenet,
741 4043 794 4112 uhi
818 4052 928 4111 auctor
947 4038 1021 4111 dicit
1042 4063 1077 4111 se
1092 4040 1121 4109 in
1136 4040 1194 4110 hoc
1208 4040 1289 4111 libro
1303 4041 1464 4111 historiam
1480 4064 1591 4110 eorum

153 4166 336 4260 principum,
363 4166 416 4258 qui
442 4166 472 4233 in
498 4165 590 4235 terris
617 4163 912 4259 septentrionalibus
945 4188 1041 4258 regna
1075 4165 1252 4234 tenuissent
1283 4175 1315 4234 et
1340 4165 1458 4234 Danica
1485 4165 1590 4256 lingua

153 4289 200 4359 usi
224 4289 373 4377 luissent,
401 4284 638 4357 describendam
661 4310 787 4357 curasse
806 4288 933 4378 (Snorri
954 4288 1088 4359 Sturlus.
1112 4285 1272 4357 Heimslr.
1291 4287 1322 4356 in
1338 4288 1551 4381 Praelatione.)
1562 4285 1590 4360 ⁴.

299 4413 375 4480 Post
402 4410 521 4479 Snorrii
548 4421 710 4503 tempora,
751 4412 798 4481 vel
825 4410 1060 4506 postmodium
1093 4410 1189 4480 seculi
1222 4411 1305 4480 tertii
1339 4410 1468 4504 decimi,
1508 4409 1592 4504 apud

157 4544 296 4605 auctores
317 4554 422 4626 prosae
439 4532 588 4603 orationis
613 4556 727 4604 nomen
754 4534 869 4626 linguae
893 4534 1079 4631 “nutrcem'’
1105 4533 1170 4604 sive
1195 4557 1341 4626 „norroen
1357 4529 1474 4627 tdnga'’
1500 4535 1592 4627 plane

191 4773 200 4804 ¹
235 4777 330 4841 „fleon
348 4787 399 4825 111
415 4771 518 4825 hellade
534 4774 620 4826 11111111
637 4773 699 4828 hina
722 4774 775 4828 rlki
797 4775 845 4830 aba
862 4777 947 4831 Kndtr
965 4777 1059 4844 gemti,
1084 4778 1151 4830 hann
1175 4777 1242 4831 betlr
1262 4777 1328 4831 serit
1351 4778 1452 4831 rlkaatr
1472 4777 1595 4844 konrlngr

159 4867 193 4919 ok
210 4867 370 4919 violentastr
387 4866 404 4917 ὁ
422 4868 524 4919 emt·
540 4867 646 4932 trlogu’'.

189 4956 202 4989 ’
237 4957 356 5031 „priltkr
374 4957 497 5024 hotblngi
516 4997 522 5010 .
542 4994 551 5011 .
569 4996 576 5011 .
595 4976 623 5013 er
641 4957 679 5031 bd
696 4976 745 5012 rar
761 4963 884 5030 trugaatr
903 4962 919 5015 d
936 4965 1037 5016 donst·
1055 4964 1161 5027 ttogu’t

194 5050 205 5080 ⁸
240 5036 814 5124 ,111011111111111111111111101110111,
833 5041 1150 5126 lngibjorgu,1>imey,
1176 5072 1205 5107 er
1224 5056 1310 5122 degeat
1334 5072 1381 5108 var
1404 5058 1439 5108 oh
1464 5054 1594 5108 11111111ί

161 5143 259 5198 morke
276 5145 385 5208 atngu‘t

195 5238 205 5266 ⁴
240 5230 280 5305 „d
299 5241 351 5291 bok
369 5236 500 5310 pensitet
518 5239 549 5292 111
569 5239 620 5292 rita
637 5241 729 5293 tomar
746 5240 881 5306 trisagnir
898 5258 939 5293 um
958 5240 1097 5306 httdingJa
1114 5237 1167 5311 pl,
1186 5256 1218 5294 er
1235 5238 1287 5293 rlhi
1306 5240 1367 5292 hato
1387 5241 1443 5291 nan
1461 5240 1477 5291 al
1495 5239 1595 5291 uotor-

164 5330 260 5381 tanton
278 5332 312 5382 olo
330 5331 347 5381 d
364 5332 467 5383 densita
483 5332 566 5396 tdagu
584 5336 646 5386 hato
664 5334 757 5387 melt’.
