3717 5809
735 427 915 475 PRAEFATIO.
1489 421 1564 471 XVll

114 590 145 659 in
170 588 319 660 omnibus
346 587 388 659 ad
420 611 472 660 res
504 588 644 684 poeticas
671 597 704 659 et
729 586 855 659 eddicas
888 588 1119 684 pertinentibus
1153 612 1210 682 pro
1236 587 1365 659 oraculo
1391 584 1560 676 habebant,

114 712 151 781 iis
188 713 435 782 commentarios
475 736 549 783 suos
582 714 613 782 in
639 710 763 783 liddam
796 723 977 808 utramque,
1006 709 1238 783 Saemundinam
1281 722 1314 781 et
1346 711 1560 797 Seruianam,

114 835 250 905 carmina
277 836 475 930 Gnonlnugi,
512 836 635 927 Ralnii,
674 835 825 906 Kormalri
852 845 885 906 et
905 835 1009 912 ,mults
1035 836 1093 905 alie
1119 835 1302 904 transmisit.
1356 836 1464 928 Opera
1492 833 1559 926 ejus

115 959 230 1052 passim
256 959 297 1029 ab
324 958 498 1030 editoribus
524 970 557 1030 ct
584 957 809 1054 interpretibus
842 956 1028 1049 laudantur,
1068 967 1101 1030 et
1138 981 1211 1051 pers
1244 980 1355 1029 eorum
1391 956 1493 1027 adhuc
1528 957 1557 1025 in

112 1082 309 1153 Bibliotheca
335 1083 436 1175 Regia
469 1081 613 1154 et‘inter
644 1080 868 1153 Additamento
902 1081 1105 1153 llibliothecae
1131 1081 1349 1153 Universitatis
1377 1079 1557 1150 Hatriensis

113 1215 330 1275 conservatur.
371 1244 418 1256 -
454 1204 608 1298 Ejusdem
621 1208 707 1277 «lere
736 1204 934 1298 auctoritatis
966 1205 997 1274 in
1031 1205 1077 1275 his
1109 1205 1205 1276 rebus
1239 1202 1322 1297 apud
1353 1226 1475 1274 ooaeros
1503 1203 1560 1273 luit

114 1329 209 1401 Scnlo
241 1326 403 1401 Theodori
436 1329 619 1400 Thurlaoins
651 1328 783 1420 (Slsrili
814 1318 1049 1426 pordarson
1088 1327 1325 1399 Thorlacius
1359 1323 1390 1421 †
1437 1325 1559 1418 1815),
1687 1363 1689 1365 v

112 1464 219 1522 rector
250 1451 367 1522 schole
406 1452 657 1544 metropolitanas
689 1451 888 1544 llalniensis‚
928 1450 981 1546 qui
1014 1453 1045 1522 in
1079 1451 1228 1522 nonnulla
1261 1450 1396 1520 carmina
1433 1450 1560 1543 antiqua

112 1574 392 1669 (Grbttasaungr,
443 1576 670 1667 Hanstlaung,
723 1574 922 1668 pbrsdrdpa,
985 1575 1228 1645 thronarlsvilla
1281 1586 1313 1645 et
1363 1572 1561 1665 Hralnsmll)

113 1708 344 1769 commentatus
371 1709 439 1789 est,
467 1709 500 1768 et
526 1722 588 1768 non
615 1699 746 1790 exiguas
773 1709 879 1795 partes
906 1696 1017 1769 habuit
1042 1697 1072 1767 in
1099 1696 1236 1767 editione
1261 1696 1424 1767 Halniensi
1449 1696 1555 1790 operis

10 1821 12 1844 ⁸
114 1820 252 1891 historici
279 1822 399 1892 Snorrii
427 1822 565 1912 Sturlaei,
593 1822 829 1915 Heirnslrrlngln
857 1821 942 1892 dicti.
994 1820 1217 1891 commentarii
1250 1820 1318 1912 ejus
1355 1819 1493 1916 praedicti
1528 1818 1558 1886 in

10 1941 11 1950 ’
112 1945 248 2015 carmina
262 1945 404 2040 antiqua,
432 1954 628 2015 attractatus
651 1944 690 2015 de
711 1945 809 2016 veteri
828 1945 929 2039 puisi,
958 1943 1033 2014 editi
1053 1954 1126 2014 sunt
1144 1930 1174 2012 in
1196 1943 1294 2029 libris,
1321 1944 1374 2040 qui
1395 1942 1557 2012 dicuntur:

10 2109 11 2120 κ
111 2068 364 2162 “Antiquitatum
382 2053 563 2139 ¹borealium
590 2067 827 2138 observationes
852 2062 1094 2156 miscellaneae'‘,
1122 2067 1257 2161 Specim.
1287 2091 1406 2137 r·-vu.
1432 2103 1480 2117 -
1506 2063 1558 2137 ed.

113 2187 1557 2284 llaln.illd-1799..8vo.-Gudnrunduslllagnaeus(GnhmundrMagudsson
1690 2196 1706 2222 ⁸

10 2409 11 2412 Ἴ
108 2309 139 2407 †
170 2311 304 2404 1798),
332 2314 553 2415 stipendiarius
581 2316 919 2407 Ama-Meguaeanus,
959 2337 1022 2383 non
1047 2315 1149 2384 minus
1175 2315 1306 2385 feliciter
1339 2337 1433 2410 qnam
1465 2312 1557 2383 docte

10 2441 11 2472 ³
109 2459 145 2506 ac
169 2438 324 2528 sagaciter
349 2437 380 2514 in
407 2435 539 2533 edendil'
556 2439 655 2533 prima
683 2448 771 2533 parte
804 2438 904 2508 Eddre
938 2436 1147 2507 Saemundinae
1180 2447 1213 2508 et
1250 2436 1438 2508 carminibus
1463 2435 1556 2527 Egilli

109 2543 306 2652 Slallagrimi
332 2552 544 2650 lilli'lnEgils
571 2584 646 2654 saga
673 2560 915 2657 interpretandis
943 2570 1083 2659 versatup
1110 2572 1170 2649 est,
1197 2572 1233 2630 ut
1257 2559 1556 2653 anteEgilssonium

110 2684 193 2753 inter
223 2682 424 2777 principales*
444 2685 531 2753 viros·
560 2684 592 2753 in
626 2685 685 2756 hoc
717 2685 888 2756 literature
919 2706 1038 2776 genere
1071 2685 1174 2754 locum
1206 2695 1378 2755 mereatur.
1410 2684 1552 2752 -Neo

10 2883 11 2886 Ἴ
110 2806 264 2876 minorem
290 2805 445 2875 honorem
471 2818 613 2878 meretur
639 2807 707 2900 ejus
734 2808 855 2901 collega
879 2810 978 2879 Jonas
995 2807 1198 2882 ,Johnsonin's
1215 2806 1316 2900 ¹(an
1341 2803 1553 2894 lonssur),

109 2928 331 3023 stipendiarius
365 2931 679 3023 Ama-Magnaeauus
707 2943 739 3002 et
778 2929 891 3000 deinde
916 2931 1066 3025 toparcha
1094 2928 1333 3022 lshordensium
1366 2910 1553 3023 (lsaharhar

10 3049 11 3052 ’
109 3051 206 3143 spisla3
223 3046 263 3146 †
282 3049 405 3144 1827),
431 3053 484 3146 qui
509 3053 680 3124 Historiam
695 3039 774 3146 Njali
789 3039 859 3124 curn
875 3054 1064 3125 carminibus
1078 3054 1107 3123 ei
1128 3054 1274 3124 immixtis
1294 3055 1406 3124 Latine
1421 3050 1556 3123 reddidit

10 3181 11 3270 J
109 3176 379 3269 etintcrpretatus
399 3184 460 3263 est,
488 3176 554 3269 ipse
571 3197 703 3272 ¹quoque
719 3183 812 3272 poeta
834 3200 893 3246 suo
913 3172 1057 3271 tempore
1084 3178 1189 3270 magni
1209 3177 1342 3247 nominis
1369 3176 1504 3250 habitus.

256 3299 345 3367 luter
370 3297 452 3368 viros
478 3298 572 3392 hujus
598 3271 716 3391 seculi,
734 3324 815 3395 quos
840 3300 954 3394 partim
973 3309 1009 3368 ut
1029 3311 1258 3390 antecessores,
1279 3301 1391 3395 partim
1411 3310 1447 3369 ut
1460 3321 1553 3370 com-

10 3447 11 3464 *
107 3420 264 3491 militones
290 3444 365 3491 snos
391 3420 529 3491 laudavit
548 3422 758 3515 Egilssonius,
787 3421 861 3494 satis
889 3431 940 3493 est
964 3423 1137 3514 nominare,
1165 3446 1300 3518 quorum
1327 3447 1423 3518 opera
1450 3423 1550 3494 notis-

107 3542 183 3612 sima
198 3553 289 3613 sunt:
304 3544 817 3639 Finnumhlagnussouium,
832 3556 994 3616 auctorem
1002 3546 1108 3616 Lerici
1122 3545 1335 3639 mythologici,
1345 3546 1552 3640 perfectorem

107 3665 360 3737 editionisEddae
368 3666 589 3758 saemundinae,
598 3673 880 3740 commentatorem
893 3666 1168 3738 innumerabilium
1184 3669 1250 3740 lere
1263 3692 1412 3740 versuum
1419 3680 1453 3740 et
1460 3669 1552 3739 loco·

106 3789 1553 3884 rumpoeticorum3ErasmumChristiannmRaslr,editoremetmultislocisleli-

10 4001 11 4030 1
106 3911 869 4009 cememendatoremutriusquenperisllddici3
896 3924 929 3985 ct
949 3915 1552 4000 Carolumllhristianumllaln,

105 4038 158 4132 qni
184 4060 242 4107 sna
268 4033 405 4106 editione
419 4035 777 4131 epicediiLodbrolsirui
796 4037 969 4109 llrblsumll
995 4038 1191 4131 monstrarit,
1220 4037 1296 4135 quid
1321 4038 1352 4108 in
1380 4038 1427 4109 his
1454 4038 1550 4109 rebus

104 4160 247 4254 prestari
262 4159 371 4253 possit.
411 4159 475 4230 Sed
500 4159 601 4254 primo
615 4160 685 4230 loco
706 4160 788 4232 iuter
813 4184 870 4232 eos
896 4173 1008 4232 suetos
1026 4162 1159 4233 sortasse
1179 4163 1370 4234 nominasset
1389 4161 1551 4233 doctorem

104 4281 311 4376 philosophias
335 4282 603 4374 Hallgrimnm
629 4284 847 4377 Scheving,
875 4286 928 4379 qui
955 4285 984 4355 ei
1010 4308 1071 4356 non
1098 4286 1201 4356 solum
1225 4309 1283 4381 per
1306 4285 1432 4378 triginta
1452 4307 1551 4354 annos

105 4406 226 4498 collega
239 4404 447 4476 amicissimus
462 4405 492 4475 in
505 4427 638 4477 munere
654 4407 840 4478 scholastico
855 4407 925 4500 luit,
946 4408 1122 4501 sedetiam,
1136 4408 1549 4503 utipseharumlitcrarum

10 4535 11 4560 ¹
104 4529 312 4623 peritissimus
338 4529 441 4599 cultor
467 4531 657 4623 e‘t‘poiiscos
684 4531 821 4624 antiquas
847 4531 1067 4624 sagacissimus
1092 4536 1249 4627 interpres
1276 4543 1354 4624 erat,
1382 4533 1423 4602 ita
1449 4530 1549 4601 studia

96 4645 271 4750 lgilssonii
297 4651 382 4721 omni
408 4650 503 4722 modo
530 4642 647 4743 sdjusit
675 4663 708 4723 et
733 4653 908 4747 instigarit3
948 4643 1006 4726 uos
1039 4656 1149 4726 saltem
1183 4680 1240 4751 pro
1273 4666 1360 4727 certo
1386 4654 1548 4744 habemus,

10 4805 11 4862 p
105 4772 161 4842 bos
177 4774 326 4874 ¹collegas
352 4784 387 4843 et
411 4767 592 4845 duumviros
618 4776 893 4875 prestantissimos
918 4779 1086 4875 aliquando
1107 4780 1189 4849 hunc
1215 4778 1273 4851 sibi
1306 4778 1400 4848 linem
1427 4801 1548 4872 propo·

104 4896 223 4989 suissc,
248 4907 285 4967 nt
309 4896 407 4967 ambo
432 4898 617 4968 thesaurum
645 4899 924 4995 locupletissimum
952 4889 1066 4994 linguar
1091 4901 1250 4972 lslandicae
1277 4902 1481 4994 colligerent,
1509 4899 1548 4968 ita

105 5031 146 5089 nt
164 5022 242 5091 nlter
265 5020 405 5092 Lericon
432 5021 587 5092 sermonis
614 5023 740 5117 poetici,
767 5024 848 5093 alter
870 5024 1016 5119 prosaici,
1030 5009 1231 5116 elaboraret,
1259 5023 1298 5095 ad
1325 5023 1410 5122 quod
1437 5032 1549 5120 poste·
1608 5085 1610 5090 .

105 5141 168 5213 rins
193 5143 335 5215 oodcctio
362 5141 607 5238 locupletissima
634 5143 718 5241 apud
746 5145 968 5238 Schcvingium
995 5150 1182 5220 asservatur.

299 5292 325 5337 ιι
